3356 5294
873 559 914 620 32

376 769 475 834 Attici
498 768 590 831 amici
611 766 769 849 judicium
793 769 899 851 magni
923 786 958 831 se
977 770 1143 833 aestimare
1163 774 1271 835 555555
1282 770 1450 855 profitetur

333 894 383 958 his
416 893 521 957 verbis
557 891 608 974 (ΙΙ,
639 891 747 974 4,15)
773 893 879 975 „quod
902 897 937 957 tu
962 893 1124 976 laudabas,
1147 897 1265 980 populo
1289 897 1448 980 placuisse

333 1017 515 1103 putabam'’.
535 1016 727 1082 Messalinus
746 1017 854 1102 igitur,
876 1019 932 1101 qui
950 1023 1039 1083 tanta
1058 1021 1161 1103 gratia
1171 1020 1194 1100 1)
1215 1022 1299 1104 apud
1319 1022 1450 1106 Augus-

333 1135 403 1210 tum
426 1143 565 1226 florebat,
589 1144 668 1208 alter
690 1142 804 1208 Caesar
825 1145 861 1207 iu
883 1145 942 1209 hac
962 1146 1098 1229 epistula
1119 1148 1224 1210 vocari
1244 1148 1448 1230 5555151).-

334 1270 484 1335 Ovidium
516 1275 678 1334 auctorem
709 1269 823 1334 deinde
855 1289 1007 1353 agnosces
1031 1275 1062 1335 et
1085 1290 1102 1335 5
1126 1272 1234 1336 verbis
1258 1257 1373 1337 additis
1397 1272 1448 1354 (da

334 1399 460 1463 veniam
490 1397 585 1478 fasso)
617 1403 647 1462 55
679 1400 783 1461 55555
806 1398 1041 1481 compositione.
1066 1395 1199 1461 Confero
1223 1401 1308 1462 enim
1331 1390 1449 1481 qu,

335 1525 365 1607 2,
390 1523 519 1587 13-16
544 1525 628 1606 (quis
652 1524 804 1607 non-me),
829 1540 892 1605 quo
915 1523 985 1586 loco
1009 1523 1137 1587 duobus
1163 1522 1290 1606 quidem
1304 1523 1449 1589 distichis

334 1651 436 1714 utitur
469 1653 571 1733 poeta,
606 1648 672 1726 sed
696 1666 783 1711 more
818 1667 886 1730 suo,
923 1667 996 1711 cum
1031 1648 1123 1712 modo
1159 1650 1324 1712 contrahat
1355 1650 1449 1714 modo

334 1774 503 1862 amplificet
526 1775 699 1838 orationem
723 1772 760 1836 of.
784 1772 826 1856 H,
849 1775 879 1854 4,
906 1771 1043 1836 11-12.
1065 1778 1096 1838 55
1117 1772 1159 1856 Π,
1184 1773 1234 1857 10,
1258 1776 1396 1838 35-38.

333 2157 368 2221 Ρ.
391 2156 416 2241 Ι,
441 2157 470 2240 1,
495 2157 535 2219 55
580 2157 666 2222 culta
700 2156 839 2241 quidem,
873 2155 983 2239 fateor,
1017 2157 1096 2219 citra
1122 2121 1219 2240 quam
1251 2156 1362 2252 debuit
1393 2158 1448 2221 illa

1166 2280 1279 2364 (janua
1301 2281 1370 2364 555)
1393 2285 1449 2345 est.

578 2409 633 2473 sed
655 2408 716 2472 fuit
738 2409 770 2470 in
794 2406 867 2470 fatis
890 2407 949 2470 hoc
973 2425 1111 2490 quoque,
1135 2408 1238 2489 credo,
1263 2409 1350 2473 meis.

467 2535 471 2546 '
578 2553 637 2598 nec
659 2539 765 2598 tamen
785 2532 925 2596 officium
939 2534 1038 2597 sensit
1051 2534 1164 2597 domus
1177 2533 1273 2598 altera
1285 2538 1450 2598 nostrum:

576 2661 629 2724 hic
651 2661 725 2742 illic,
748 2664 851 2723 vestro
876 2658 936 2722 sub
962 2659 1028 2723 lare
1051 2677 1176 2743 semper
1199 2679 1295 2724 eram.

379 2847 594 2932 Corruptelam
630 2867 659 2910 v.
696 2847 734 2908 57
769 2847 828 2908 viri
863 2846 947 2909 docti
979 2848 1064 2910 varie
1095 2846 1205 2911 tollere
1235 2848 1339 2911 conati
1362 2851 1450 2911 sunt.

334 2973 505 3057 Proposuit
528 2971 701 3036 Merkelius
725 2989 780 3034 aec
802 2990 956 3053 maccam,
978 2973 1012 3034 in
1035 2971 1173 3035 editione
1196 2971 1292 3036 altera
1312 2971 1354 3054 ai¹
1367 2969 1449 3035 clac-

334 3097 417 3181 dum,
439 3099 565 3182 scripsit
589 3097 730 3161 Kornius
753 3097 866 3176 555555,
895 3096 1061 3161 substituit
1083 3097 1127 3160 sic
1150 3116 1206 3182 pro
1229 3096 1450 3162 5555515555-

334 3224 451 3307 punxit
474 3227 546 3306 post
567 3221 630 3285 illic
652 3221 838 3285 Ehwaldius
860 3221 1025 3303 (Bursiani
1048 3223 1165 3285 Annal.
1188 3224 1241 3305 80,
1266 3220 1340 3301 113)
1352 3241 1449 3287 versu

337 3348 387 3432 57,
418 3353 455 3413 55
481 3348 645 3412 codicibus
669 3347 813 3430 traditur,
836 3348 975 3431 probato.
999 3350 1052 3431 nt,
1076 3353 1111 3413 ut
1132 3348 1296 3412 Ehwaldio
1319 3368 1449 3433 respon-

337 3474 437 3558 deam,
468 3472 554 3557 finge
582 3473 625 3536 sic
655 3470 834 3556 significare
855 3470 1048 3554 1555555553)
1075 3511 1115 3520 —-
1140 3493 1236 3556 quam
1260 3471 1449 3538 sententiam

336 3601 531 3686 comparavit
560 3599 715 3664 Heinsius
738 3598 953 3680 conjiciendo:
980 3618 1058 3680 ,555
1081 3604 1206 3664 tanturn
1230 3599 1325 3663 officii
1349 3601 1450 3664 sensit

371 3898 394 3956 1)
413 3894 442 3946 P.
460 3893 496 3961 11,
513 3896 538 3955 2,
555 3896 585 3944 21
605 3909 642 3962 sq.
660 3896 703 3960 (z
720 3893 757 3961 11,
775 3895 800 3954 3,
818 3895 850 3944 63
867 3908 905 3958 sq.
924 3893 956 3945 de
965 3891 1057 3960 fratre)
1064 3893 1121 3947 ibid
1130 3897 1161 3947 41
1171 3895 1224 3961 (49)
1235 3911 1273 3963 sq.
1283 3897 1316 3947 85
1325 3895 1380 3960 (81)
1390 3910 1447 3962 sqq.

336 3987 462 4055 (1555555,
479 3986 501 4054 Ι,
520 3989 550 4039 17
568 4001 624 4054 sqq.

370 4080 397 4145 2)
414 4079 497 4131 »Pace
513 4078 608 4146 loquar
625 4078 742 4140 Veneris,
761 4080 792 4129 tu
809 4078 858 4130 dec
874 4077 958 4130 maior
974 4077 1051 4130 eris”.
1068 4077 1128 4130 Am.
1137 4077 1188 4146 111,
1197 4081 1220 4144 2,
1229 4080 1269 4130 60.
1279 4077 1312 4130 of.
1322 4077 1386 4130 Her.
1396 4074 1450 4138 HI,

337 4172 377 4222 52.
402 4169 481 4230 ΧΙΠ,
499 4172 554 4222 154.
572 4169 647 4222 Rem.
664 4171 721 4222 464.
738 4169 782 4220 Tr.
799 4169 821 4242 Ι,
838 4171 863 4230 3,
880 4172 920 4221 86.
937 4169 1002 4222 Hor.
1019 4168 1072 4222 Sat.
1089 4169 1111 4234 Ι,
1128 4172 1152 4237 2,
1170 4173 1218 4223 125
1235 4186 1272 4238 sq.
1291 4169 1367 4237 Virg.
1385 4171 1448 4221 Buo.
1465 4225 1467 4230 ,

338 4263 354 4312 3
380 4261 437 4312 104.

355 4300 398 4418 ²3)
416 4351 537 4404 Iuvenal
554 4352 619 4420 XII,
634 4356 667 4406 ’18
683 4368 738 4404 555
754 4353 792 4406 515
809 4353 892 4421 igitur
908 4352 1039 4406 mirabere
1056 4357 1155 4421 portus,
1173 4370 1238 4436 quos
1255 4357 1351 4407 natura
1368 4351 1451 4405 dedit.

340 4442 404 4495 Her.
422 4445 446 4510 ’1,
463 4445 504 4495 22.
582 4459 586 4468 ’
