3356 5294
822 581 862 643 51

284 796 423 854 attamen
441 811 506 856 non
525 794 634 856 inveni
654 793 739 875 apud
754 791 906 856 Ovidium
925 794 1020 875 locos,
1034 793 1090 857 ubi
1101 794 1395 886 canussignifieeret

285 917 416 1003 bonum,
447 939 632 1003 prosperum
665 939 785 984 casum.
810 919 906 985 Godd.
933 922 1078 985 meliores
1101 923 1219 985 habent
1242 921 1398 985 accedere:

284 1044 406 1107 faciunt
435 1046 533 1128 igitur
563 1050 688 1130 poetam
717 1066 804 1110 more
828 1066 886 1110 suo
910 1046 959 1110 bis
982 1047 1066 1110 idem
1091 1047 1265 1124 dieentem3
1290 1052 1322 1111 ot
1345 1046 1400 1110 ob-

281 1172 399 1252 jeetum
421 1191 490 1236 esse
510 1171 602 1236 debet
620 1174 762 1236 ominum.
785 1173 990 1257 Guethlingio
1011 1175 1039 1237 si
1053 1174 1165 1257 eredis,
1180 1172 1400 1237 malefortuna

283 1300 489 1382 intelligenda
523 1304 578 1362 est.
613 1299 836 1363 Ferendumne
859 1300 961 1364 cedere
973 1303 995 1381 1)
1011 1330 1048 1354 z
1063 1300 1196 1381 tradere,
1220 1302 1402 1384 permittere

285 1425 399 1507 (Madv.
431 1425 503 1489 adv.
534 1425 577 1507 H,
610 1426 672 1488 103
703 1425 844 1490 addicere
875 1426 1077 1510 proposuit)P
1100 1425 1215 1489 Nonne
1238 1431 1323 1509 petet
1345 1444 1400 1488 ne-

283 1554 446 1636 scioquem
467 1553 663 1616 desiderasse
686 1555 817 1616 tertium
841 1553 997 1615 distichon
1023 1573 1042 1615 e
1064 1557 1155 1632 turpe
1177 1553 1343 1635 incipiens,
1364 1553 1399 1614 in

283 1699 346 1762 quo
371 1681 537 1742 notissima
558 1679 613 1742 illa
637 1678 675 1742 de
699 1681 809 1742 amieis
832 1679 979 1743 fortunae
1003 1679 1175 1743 comitibus
1196 1683 1399 1741 occurrerent

284 1803 344 1884 (Tr.
368 1804 393 1885 I,
417 1806 446 1885 5,
470 1806 520 1867 34.
546 1805 574 1885 9,
600 1804 649 1867 13.
672 1803 707 1867 Ρ.
731 1803 756 1884 Ι,
782 1806 810 1883 9,
838 1803 885 1866 16.
908 1802 951 1884 Π,
975 1805 1004 1884 3,
1029 1803 1107 1881 ott?
1133 1801 1237 1877 Quam
1256 1801 1400 1864 inseitee

286 1930 512 1994 diversissimis
535 1949 636 1994 novos
660 1949 772 1993 versus
797 1903 963 1993 eonflavit!

285 2339 320 2403 P.
343 2338 437 2416 nst,
461 2341 479 2401 3
505 2341 650 2422 proxima
673 2339 891 2422 subsequitur,
916 2338 991 2421 quid
1012 2359 1097 2422 agas,
1116 2337 1226 2401 audire
1246 2335 1402 2420 voluptas,

443 2549 446 2556 Ι
507 2472 538 2529 et
560 2467 596 2546 si,
621 2466 775 2556 quiequid
798 2468 875 2548 egis,
900 2467 941 2529 sit
964 2465 1023 2529 tibi
1047 2485 1124 2528 eure
1148 2465 1218 2529 mei.

509 2609 568 2654 neo
590 2589 709 2672 dubito,
735 2591 814 2674 quin
839 2591 895 2653 sit:
920 2589 976 2653 sed
996 2607 1046 2654 me
1058 2591 1154 2653 timor
1165 2590 1233 2672 ipse
1246 2586 1401 2650 malorum

508 2736 601 2799 saepe
623 2736 838 2800 supervacuos
862 2717 947 2800 cogit
970 2715 1085 2780 habere
1109 2719 1222 2780 metus.

508 2843 705 2925 deveniam,
728 2863 856 2926 quaeso,
880 2844 1045 2926 nimioque
1069 2847 1199 2925 ignosce
1220 2842 1326 2903 timori
1340 2841 1380 2920 s),

508 2969 695 3052 tranquillas
719 2971 813 3033 etiam
838 2968 1013 3052 naufragus
1036 2969 1143 3031 horret
1165 2986 1274 3051 eques.

331 3181 434 3246 Mutat
456 3181 547 3245 timor
570 3184 603 3244 in
627 3187 715 3246 terror
738 3181 883 3268 Bentley,
906 3183 939 3244 in
963 3186 1065 3245 tumor
1088 3180 1231 3243 merkem

287 3396 331 3458 At
353 3396 461 3460 eonfer
486 3417 514 3458 v.
540 3398 580 3476 35
605 3415 668 3459 non
681 3398 781 3480 igitur
793 3414 911 3477 vereor,
925 3396 1001 3479 quia
1014 3401 1044 3457 te
1056 3413 1127 3458 rear
1138 3412 1208 3458 esse
1221 3392 1405 3472 verendum,

602 3522 696 3586 ouius
720 3541 808 3584 amor
832 3520 924 3584 nobis
948 3523 1082 3604 pignora
1105 3519 1192 3583 mille
1216 3519 1318 3582 dedit:

604 3647 660 3711 sed
684 3649 760 3731 quia
784 3665 834 3710 res
857 3647 970 3710 timide
993 3651 1040 3710 est
1064 3647 1168 3708 omnis
1191 3647 1297 3726 miser,
1321 3649 1351 3708 et

1140 3771 1216 3853 quie
1237 3770 1333 3852 longo
1356 3773 1403 3832 est

604 3902 745 3980 tempore
769 3897 905 3961 laetitiae
924 3897 1024 3978 janus
1047 3895 1155 3959 elausa
1178 3912 1274 3957 meae.

287 4063 432 4072 ——1-

320 4205 347 4270 Ι)
365 4205 419 4258 Cio.
437 4203 512 4255 Tnso.
530 4205 575 4270 ΙΙΙ,
592 4203 633 4270 ΙΙ,
651 4206 682 4254 36
699 4219 764 4270 „eur
780 4202 929 4255 sueoumbis
946 4203 1071 4271 oedisque
1088 4202 1244 4255 fortunae?”

364 4297 453 4350 Senes.
471 4298 519 4364 Ep.
537 4299 578 4364 22,
595 4300 624 4348 4:
642 4297 711 4348 nulli
728 4312 833 4348 neeesse
850 4299 889 4348 est
905 4296 1059 4348 felieitutem
1077 4311 1156 4347 eursu
1173 4296 1256 4364 sequi.

363 4387 463 4440 ibidem
480 4391 493 4454 ᾗ
510 4392 525 4441 Ι
543 4391 638 4456 „turpe
656 4391 695 4440 est
712 4388 806 4439 oedere
823 4388 922 4439 oneri.’'

320 4481 346 4545 2)
365 4479 443 4554 Prop.
461 4481 492 4544 ΙΙ,
509 4481 534 4545 6,
549 4478 590 4529 ts.
