3356 5294
809 576 849 639 19

259 793 379 868 pacato.
407 787 579 872 Proposnit
607 785 744 851 Kraffert
756 788 778 867 1)
809 789 916 849 tutata.
939 784 1091 870 Neglecta
1114 785 1212 868 igitur
1236 785 1286 848 vel
1310 803 1376 848 non

263 912 394 996 probata
423 911 548 976 Dinteri
574 911 742 996 explicatio
766 909 897 991 (Oomm.
920 908 946 990 Ι,
968 929 997 993 p.
1022 910 1074 990 31)
1101 913 1280 990 „ettamen
1305 929 1377 994 spes

264 1037 333 1101 mea
362 1055 535 1122 precesque
565 1056 630 1100 non
661 1036 745 1100 ultra
767 1035 944 1120 precedunt
968 1055 1063 1118 quam
1087 1038 1124 1098 ut
1147 1034 1245 1098 alium
1269 1033 1377 1098 melic-

263 1180 329 1225 rem
373 1162 502 1246 quidem
540 1163 600 1225 hoc
634 1167 737 1246 optem
773 1160 861 1256 exilii
895 1161 1011 1242 locum,
1045 1159 1100 1224 sed
1135 1178 1200 1222 non
1235 1157 1377 1222 bonum'’

263 1305 359 1370 quam
379 1287 445 1369 jam
469 1290 640 1370 occuparat
658 1285 825 1349 Harlesius
845 1291 1002 1348 annotans
1015 1285 1053 1365 b:
1079 1282 1305 1366 „molemutatc
1317 1283 1379 1347 loco

261 1411 292 1476 h.
306 1430 331 1476 e.
366 1411 446 1494 loco,
475 1411 551 1476 licet
582 1385 665 1474 mele
692 1414 834 1474 mutatus
857 1411 907 1492 sit,
931 1405 1023 1473 modo
1047 1409 1088 1472 sit
1110 1406 1240 1473 tutior.”
1264 1407 1379 1472 addere

262 1538 432 1621 potuisset:
468 1542 499 1600 et
530 1537 665 1620 propior.
688 1534 725 1598 cf.
749 1555 800 1598 vv.
825 1535 896 1597 103.
923 1535 994 1597 128.
1021 1533 1091 1596 150.
1115 1532 1176 1598 His
1198 1537 1305 1596 tamen
1328 1508 1378 1597 as·

262 1659 466 1728 sentiendum
496 1680 565 1726 esse
588 1679 709 1726 censeo.
733 1659 872 1724 Mutabit
896 1661 981 1724 enim
1004 1660 1110 1724 locum
1134 1657 1269 1722 Ovidius
1291 1662 1379 1722 ante-

263 1807 360 1872 quam
383 1806 420 1852 ec
442 1786 561 1852 carebit
585 1785 623 1850 cf.
646 1785 681 1850 P.
705 1785 748 1869 Π,
771 1786 801 1869 8,
824 1784 865 1847 65

394 1965 469 2040 nam
492 1981 589 2060 caput
612 1995 630 2040 c
652 1979 761 2040 nostra
783 1976 878 2039 citius
901 1974 1025 2039 cervice
1048 1974 1181 2057 recedet,

395 2121 491 2185 quam
514 2120 638 2166 caream
660 2101 767 2184 raptio,
790 2119 808 2164 o
832 2099 959 2184 publica
981 2099 1122 2182 numina,
1145 2097 1246 2164 robis.

194 2269 202 2286 ’
305 2288 406 2352 Aliud
437 2288 515 2372 quid
538 2288 621 2352 valet
644 2286 777 2352 verbum
800 2291 922 2351 motare
943 2285 1034 2351 Trist
1057 2285 1117 2370 HI,
1137 2287 1165 2370 ὃ,
1189 2265 1240 2349 53'.
1263 2286 1377 2352 Plures

229 2505 230 2510 ἵ
264 2414 379 2478 deinde
409 2413 480 2496 loci,
512 2433 610 2497 quam
639 2411 793 2478 Dinterus
822 2412 975 2496 laudavit,
993 2414 1194 2486 ‚sententiam
1224 2414 1377 2497 prolatam

261 2541 405 2624 probant
435 2539 471 2603 E.
502 2560 531 2623 g.
562 2539 610 2602 Tr.
643 2539 681 2622 V,
711 2541 740 2623 2,
773 2540 813 2604 73
837 2541 912 2604 hinc
935 2559 993 2624 ego
1017 2540 1092 2624 dum
1117 2545 1230 2624 muter,
1253 2540 1304 2605 vel
1327 2559 1378 2605 me

263 2665 417 2731 Zanclaea
440 2665 617 2748 Charybdis
641 2666 789 2731 devoret.
802 2714 849 2729 ...

307 2852 343 2918 P.
366 2853 424 2937 IV,
449 2855 500 2936 14,
525 2855 543 2915 5
855 2857 995 2936 suntque
1018 2852 1131 2915 ultima
1153 2856 1227 2915 vcta

394 2979 536 3063 quolibet
559 2997 600 3043 ex
622 2979 693 3043 istis
716 2978 836 3043 scilicet
858 2979 906 3042 ire
928 2977 1017 3059 locis,

394 3105 489 3188 nulla
505 3104 583 3169 mihi
605 3123 682 3168 cura
704 3108 760 3187 est,
784 3108 866 3167 terra
889 3121 953 3186 quo
976 3105 1081 3166 muter
1104 3100 1143 3165 ab
1166 3101 1242 3166 ista:

264 3265 265 3270 κ
370 3230 372 3234 ’
395 3229 454 3292 hac
477 3230 562 3312 quia,
585 3249 681 3312 quam
704 3228 806 3311 video,
827 3229 948 3312 gratior
972 3227 1076 3291 omnis
1099 3227 1166 3290 erit.

343 3417 348 3430 ,
394 3354 429 3416 in
451 3353 572 3418 medias
595 3353 713 3438 Syrtes,
736 3354 873 3418 mediam
896 3371 967 3417 mea
989 3351 1059 3415 vela
1083 3349 1264 3434 Charybdin

394 3477 509 3542 mittite
531 3480 688 3562 praesenti
712 3479 789 3543 dum
812 3475 975 3543 careamus
998 3478 1105 3542 humo.

394 3601 476 3684 Styx
495 3621 633 3690 quoque,
651 3605 679 3669 si
699 3604 778 3688 quid
789 3623 826 3668 ea
838 3608 894 3686 est,
905 3602 986 3668 bene
997 3602 1245 3667 commutabitur
1256 3601 1375 3689 Histro,
1440 3627 1442 3632 ·

395 3727 422 3791 si
446 3727 525 3811 quid
549 3732 580 3793 et
600 3728 745 3813 inferius,
767 3701 865 3813 quam
888 3727 982 3813 Styri,
1006 3728 1147 3793 mundus
1169 3727 1271 3794 habet

306 3911 355 3978 Tr.
377 3913 436 3999 ΙΙΙ,
459 3919 490 3998 8,
514 3919 554 3978 22
578 3936 619 3982 ex
636 3917 690 4007 ¹liis
713 3936 764 3982 me
783 3916 895 4000 Jubeat
918 3915 1060 4000 quolibet
1081 3917 1128 3981 ire
1150 3915 1236 3981 locis.

299 4258 324 4325 1)
341 4275 367 4312 r.
384 4258 496 4312 Ehwald
512 4258 637 4313 Bursiani
653 4261 730 4312 nunt.
747 4257 834 4312 annal.
853 4257 962 4328 XXXI,
979 4275 1007 4328 p.
1026 4261 1082 4312 192.

298 4351 325 4413 2)
343 4349 373 4401 Τ.
391 4351 419 4404 O.
436 4351 532 4404 Harles
548 4350 791 4404 animadversiones
806 4350 983 4419 interpretum
1001 4351 1134 4419 excerpsit
1150 4366 1261 4421 suasque
1278 4352 1377 4421 adjecit

265 4441 427 4508 ineditione
444 4443 477 4495 Al
494 4445 558 4497 1772
574 4443 738 4512 (Xrlangae).
