3356 5294
708 603 714 618 ,
788 547 807 610 5

285 775 332 820 vs.
358 756 385 819 7.
417 756 452 819 a!
477 757 625 839 quotiens
648 756 716 819 dixi
742 761 845 838 „certe
869 758 916 820 nil
939 763 1032 843 turpe
1055 725 1193 824 docetis:

415 881 467 963 ite,
490 885 575 965 patet
594 882 689 945 castis
712 881 857 946 versibus
880 881 933 946 ille
957 881 1086 947 locus!’'

415 1026 480 1070 non
502 1011 608 1070 tamen
632 1007 796 1089 accedunt,
819 1007 884 1090 sed,
908 1012 944 1071 ut
967 1009 1082 1092 aspicis
1105 1010 1182 1092 ipse,
1205 1008 1302 1072 latere

415 1131 475 1196 sub
500 1131 567 1196 lare
589 1133 713 1215 privato
736 1132 838 1196 tutius
862 1150 932 1196 esse
952 1136 1074 1215 putant

235 1483 270 1547 P.
293 1483 319 1568 I,
342 1485 431 1568 1,13
456 1488 534 1570 quid
557 1488 695 1570 veniant,
718 1488 857 1553 novitate
882 1507 973 1573 roges
996 1488 1129 1555 fortasse
1153 1489 1212 1554 sub
1235 1491 1313 1574 ipsa.

459 1616 575 1697 accipe,
596 1614 823 1699 quodcumque
843 1619 900 1698 est,
920 1614 1091 1679 dummodo
1110 1636 1176 1680 non
1196 1617 1237 1680 sit
1255 1635 1352 1680 amor.

454 1740 609 1823 invenies,
633 1741 781 1823 quamvis
805 1760 869 1805 non
894 1746 942 1805 est
965 1740 1156 1806 miserabilis
1178 1741 1285 1825 iudex,

455 1885 520 1930 non
542 1867 650 1932 minua
673 1868 734 1930 hoo
756 1867 822 1931 illo·
836 1869 927 1932 triste
951 1867 1039 1951 quod
1062 1871 1135 1932 ante
1159 1867 1239 1931 dedi.

279 2038 440 2105 Molestias
471 2043 554 2124 parit
584 2041 665 2106 illud
691 2040 768 2123 quid
788 2042 919 2106 ueniunt.
943 2041 1091 2106 Dubitari
1114 2046 1218 2125 potest
1239 2045 1348 2106 utrum
1455 2068 1458 2070 ·

235 2165 405 2229 consilium
445 2167 569 2230 itineris
603 2167 742 2231 Brutum
776 2172 961 2251 rogaturum
996 2166 1096 2252 fingat
1131 2164 1275 2249 Ovidius,
1308 2186 1349 2230 an

235 2290 346 2373 quales
370 2292 442 2374 sint,
467 2293 524 2375 qui
546 2294 676 2357 veniant
699 2292 797 2357 libelli
819 2294 986 2378 peregrini.
1010 2292 1095 2358 Illud
1117 2291 1272 2357 Heinsius
1296 2312 1350 2357 vo·

233 2415 302 2480 luit.
328 2415 390 2482 Sed
411 2419 456 2482 ita
480 2419 508 2482 si
526 2420 751 2503 interpretaris,
770 2439 957 2504 responsum
980 2419 1066 2503 quod
1086 2438 1263 2502 numquam
1284 2437 1348 2482 non

234 2537 387 2627 redditur,
411 2543 617 2609 desideratur.
641 2543 685 2608 Of.
708 2544 781 2611 Met.
806 2544 848 2627 II,
873 2545 936 2608 740
961 2564 1028 2628 sqq.
1050 2541 1090 2627 V,
1114 2544 1176 2606 651
1200 2564 1269 2628 sqq.
1291 2541 1348 2628 VI,

232 2671 297 2732 449
322 2689 368 2753 sq.
391 2669 451 2753 XI,
476 2671 539 2733 622
564 2691 610 2754 sq.
634 2670 716 2735 Fast.
740 2671 779 2754 V,
802 2671 916 2757 3911).
939 2670 1007 2736 Neo
1026 2677 1093 2736 arte
1112 2671 1267 2735 rhetorica
1286 2673 1348 2735 uti-

148 2845 151 2852 .
233 2798 287 2872 tur
310 2793 454 2879 Ovidius,
477 2797 642 2860 utstatim
665 2814 734 2861 eam
758 2797 899 2881 negligat
922 2796 961 2860 of.
983 2817 1014 2862 v.
1041 2797 1078 2858 11
1105 2815 1151 2879 sq.

276 2919 433 3005 Exempla
464 2922 628 2986 luculenta
659 2921 788 3006 praebet
818 2921 892 2985 libri
923 2923 1031 3006 quinti
1060 2921 1211 2986 Tristium
1237 2940 1342 3005 prooe

232 3048 344 3124 mium,
373 3049 407 3111 in
439 3068 502 3132 quo
527 3053 638 3132 quater
660 3048 805 3130 adhibuit
827 3054 920 3140 poeta
942 3047 1087 3133 figuram,
1111 3066 1193 3131 quae
1216 3053 1348 3136 uocatur

232 3176 448 3258 praesumptio
473 3173 535 3254 (vv.
560 3177 610 3238 25.
636 3175 687 3239 35.
710 3176 762 3239 49.
787 3175 849 3256 69).
871 3174 1024 3239 Eiusdem
1048 3173 1200 3258 epistulae
1219 3174 1347 3237 initium

233 3301 263 3361 et
285 3296 359 3362 finis
381 3297 502 3363 faciunt
525 3298 565 3362 ad
587 3299 693 3364 locum
717 3305 871 3364 nostrum.
895 3299 1011 3384 Incipit
1033 3320 1051 3362 a
1076 3298 1180 3364 verbis

342 3471 440 3538 Hunc
462 3493 591 3558 quoque
613 3475 652 3538 de
676 3473 794 3558 Getico,
816 3476 917 3540 nostri
939 3474 1089 3556 studiose,
1112 3471 1255 3538 libellum

341 3600 433 3664 litore
455 3601 638 3684 praemissis
661 3602 811 3684 quattuor
833 3601 913 3664 adde
936 3602 1024 3665 meis.

341 3727 393 3790 hic
416 3745 544 3810 quoque
567 3727 639 3792 talis
663 3728 734 3811 erit,
756 3727 860 3810 qualis
882 3726 1010 3791 fortuna
1033 3731 1160 3810 poetae:
1232 3725 1236 3734 '

341 3853 487 3916 invenies
510 3857 576 3917 toto
600 3854 740 3918 carmine
763 3853 856 3916 dulce
879 3853 967 3915 nihil.

230 4023 328 4088 habes
351 4025 536 4090 mandatum
561 4031 592 4090 et
610 4031 843 4111 argumentum.
863 4024 934 4090 Hoc
954 4026 1046 4090 modo
1066 4025 1187 4090 claudit
1198 4044 1339 4089 carmen:

234 4219 370 4229 ——-..-

265 4335 291 4401 1)
310 4333 409 4388 citavit
426 4335 553 4387 Heinsius
570 4335 614 4387 Tr.
631 4335 682 4403 111,
699 4338 722 4403 t,
739 4337 763 4386 6.
781 4336 848 4389 Cum
864 4337 953 4388 autem
970 4333 1049 4400 plura
1065 4349 1120 4385 unu
1136 4336 1271 4402 rogantur,
1288 4350 1341 4386 non

230 4424 265 4478 ad
283 4423 372 4506 omnia
388 4440 492 4492 semper
508 4425 650 4492 respondet
666 4428 751 4492 poeta.
