3356 5294
705 561 794 622 -15

206 765 349 830 Kornius
384 765 519 851 (Stroph.
543 769 617 848 216)
642 788 700 833 nos
724 769 840 834 debere
863 790 975 836 versus
999 773 1125 854 spurios
1149 770 1323 856 discipulo·

208 912 279 956 rum
315 893 551 958 tentaminibus.
581 894 653 958 Hoc
684 901 789 960 autem
813 897 1065 982 interpolationis
1088 917 1190 982 genus
1214 898 1324 964 abesse

208 1018 285 1082 esan
308 1017 480 1084 Marianus
503 1021 608 1105 (praef.
632 1019 702 1107 vr).
1242 1003 1243 1006 ‘

254 1143 315 1220 Qui
339 1147 401 1209 viri
425 1147 508 1211 docti
532 1167 633 1231 quum
657 1147 846 1213 dissentiant
868 1151 961 1232 malo,
985 1150 1041 1214 ubi
1061 1152 1152 1234 plura
1171 1149 1321 1216 Ovidium

208 1275 370 1336 auctorem
404 1273 537 1357 prodere
571 1274 720 1337 videntur
753 1278 910 1358 genuinos
939 1274 1060 1339 'habere
1095 1296 1146 1338 vr.
1182 1276 1331 1372 65-66,

210 1417 306 1480 quam
334 1397 498 1463 falsarium
530 1400 689 1483 quendam
712 1400 851 1484 laudare,
875 1400 960 1484 quod
984 1407 1048 1465 tam
1073 1421 1171 1486 prope
1195 1403 1324 1468 accedat

209 1523 248 1587 ad
271 1530 369 1588 artem
396 1523 592 1590 Ovidianem.
610 1524 824 1610 Negationem
843 1529 987 1612 repetitio
1007 1546 1081 1611 ergo
1104 1527 1321 1593 membrorum

208 1650 425 1735 aequabilitati
451 1654 607 1717 inservire
628 1652 770 1737 putanda
792 1657 839 1718 est
850 1651 886 1738 1).
910 1651 983 1716 Non
1005 1655 1224 1737 grammaticis
1248 1653 1323 1718 Ovi-

210 1777 283 1842 dius
306 1778 434 1861 scripsit
458 1778 565 1866 (Pont.
588 1778 647 1862 ΠΙ,
672 1781 700 1861 9,
725 1780 788 1857 17).

208 2195 243 2260 Ρ.
266 2196 291 2274 L
314 2199 344 2280 2,
368 2197 410 2260 19
433 2202 466 2261 at
487 2197 585 2262 semel
607 2199 750 2262 intentus
773 2217 871 2262 nervo
894 2197 974 2264 levis
998 2217 1092 2262 arcus
1116 2199 1234 2281 equino

439 2324 567 2388 vincula
590 2343 714 2409 semper
735 2323 855 2389 habens
877 2323 1052 2389 inresoluta
1074 2327 1191 2389 manet.

153 2519 159 2534 '
254 2521 395 2607 Oonjecit
417 2529 449 2589 et
470 2524 570 2591 edidit
591 2525 763 2590 Merkelius
786 2528 820 2589 at
840 2523 1126 2608 simul....cauet,
1145 2524 1231 2608 quod
1254 2542 1325 2588 ver-

150 2631 153 2640 ’
205 2650 244 2714 tit
265 2669 337 2735 per:
361 2651 458 2716 simul
482 2657 578 2736 atque
600 2652 779 2717 insonuerit
801 2670 902 2716 arcus.
925 2649 997 2714 Hoc
1022 2670 1086 2714 non
1110 2649 1218 2735 probo.
1240 2650 1324 2722 Per-

206 2777 339 2863 petua2)
370 2778 465 2861 enim,
495 2798 562 2842 non
585 2777 715 2843 fortuita
738 2778 878 2862 pericula
901 2781 994 2863 poeta
1016 2776 1175 2860 describit,
1198 2781 1235 2841 ut
1252 2777 1319 2859 Jam

207 2903 387 2969 observavit
417 2904 571 2969 Dinterus
603 2903 720 2969 Comm.
751 2904 776 2986 Ι,
806 2925 834 2988 p.
859 2905 912 2968 24.
933 2893 1035 2968 'Semel
1059 2922 1133 2967 cum
1157 2903 1323 2987 participio

208 3033 414 3115 conjunctum
426 3031 503 3096 alibi
516 3051 645 3116 quoque
656 3033 741 3116 apud
753 3030 903 3097 Ovidium
916 3033 1081 3097 invenitur
1090 3029 1133 3113 8);
1147 3029 1231 3094 idem
1240 3029 1325 3095 valet

208 3220 258 3286 Tr.
280 3221 320 3304 V,
344 3222 374 3304 6,
398 3220 436 3282 11
464 3239 560 3304 quem
579 3221 678 3284 semel
697 3221 830 3304 excepit,
843 3239 1021 3304 numquam
1033 3217 1213 3283 Podalirius
1227 3237 1326 3302 aegro

467 3346 655 3429 promissam
678 3345 819 3410 medicae
841 3365 905 3410 non
929 3344 1005 3410 tulit
1027 3345 1103 3408 artis
1128 3362 1228 3429 opem.

208 3519 510 3621 Hor.up.1,'1e‚rr
537 3539 568 3598 et
580 3515 678 3599 semel
689 3534 841 3598 omissum
854 3534 939 3598 volat
950 3532 1164 3597 inrevocabile
1176 3532 1326 3598 verbum.

253 3723 434 3790 Sententiae
468 3723 686 3798 accumulatae
719 3723 866 3806 exempla
896 3723 957 3787 cito
980 3721 1029 3787 Tr.
1053 3722 1112 3806 ΙΗ,
1137 3722 1166 3806 1,
1189 3721 1231 3786 39
1254 3741 1325 3805 sqq.
1417 3771 1419 3777 2

210 3849 300 3916 rona
323 3849 383 3934 111,
407 3850 437 3933 a,
459 3851 511 3914 22.

214 4077 355 4089 -ι--ιι

244 4210 270 4277 1)
287 4211 405 4264 Eandem
421 4212 569 4265 molestiam
586 4210 695 4279 praebet
711 4209 790 4277 Prop.
806 4208 858 4278 ΠΙ,
875 4211 915 4278 12,
931 4209 947 4260 5
965 4211 991 4262 st
1008 4212 1040 4262 32
1057 4208 1173 4276 <absenti
1190 4223 1267 4261 nemo
1292 4223 1326 4261 ne

139 4285 147 4304 ‘
212 4302 332 4354 noemae
349 4303 434 4368 vous).
452 4303 533 4370 (rte.)
550 4303 599 4370 rr,
615 4302 639 4371 r,
658 4301 714 4369 rra,
730 4300 788 4354 res.
806 4303 829 4369 r,
847 4304 870 4354 r.

247 4394 274 4457 2)
290 4393 355 4445 Met.
371 4393 409 4462 11,
424 4395 473 4446 502
489 4394 663 4463 immotosque
680 4393 770 4446 oculos
787 4393 816 4444 iu
832 4407 860 4445 se
877 4392 934 4445 sine
951 4392 1005 4445 fine
1021 4394 1165 4444 tenentem

243 4483 270 4550 3)
288 4486 349 4538 ilat
366 4484 400 4552 V,
419 4487 475 4544 155.
491 4485 536 4538 Tr.
555 4487 576 4554 Ι,
595 4486 620 4555 1,
639 4486 680 4539 85.
