3356 5294
778 571 817 634 31

236 785 320 849 sium
364 787 395 846 et
435 780 615 845 Bentleium
658 782 797 844 secutus.
835 777 977 842 Alterum
1011 776 1168 862 (le-20)
1205 797 1350 842 neeessa-

236 911 321 973 rium
356 925 425 972 esse
455 909 585 990 apparet
614 905 727 969 collato
758 922 853 968 versu
885 904 937 984 35,
968 893 1112 967 alterum⁴
1134 923 1171 968 eo
1194 921 1354 967 commen·

238 1035 338 1116 dator,
374 1033 460 1116 quod
493 1030 628 1096 Ovidius
656 1033 733 1099 item
765 1030 806 1093 ad
829 1029 972 1094 Caesaris
995 1031 1179 1114 exemplum
1203 1035 1354 1115 provocat
1377 1043 1383 1060 “

236 1159 284 1222 Tr.
318 1158 374 1240 IV,
408 1161 437 1239 4,
473 1156 589 1239 7-16,
623 1174 705 1241 quae
740 1154 875 1239 epistula
910 1154 951 1218 ad
984 1156 1121 1219 eundem
1145 1154 1353 1221 Messalinum

237 1287 333 1350 missa
363 1289 411 1348 est
424 1280 456 1361 1).
486 1282 539 1348 Sic
563 1285 690 1367 saepius
712 1286 805 1366 poeta
827 1282 912 1364 dicit,
938 1302 1003 1365 quo
1027 1287 1156 1346 auctore
1181 1283 1259 1367 quid
1282 1283 1354 1347 fieri

237 1411 331 1476 liceat
364 1429 438 1494 eg.
472 1409 521 1473 Tr.
553 1407 596 1491 ΙΙ,
626 1408 667 1470 67
700 1427 767 1493 sqq.
798 1407 833 1471 P.
857 1407 899 1490 ΙΙ,
926 1410 954 1492 l,
980 1408 1096 1473 7-10.
1118 1407 1186 1474 Neo
1209 1410 1356 1495 displicet

237 1537 394 1601 adulatio:
430 1536 528 1599 immo
562 1535 743 1618 requiritur.
784 1532 942 1616 „Precor”
973 1536 1059 1598 enim
1090 1537 1134 1599 ait
1157 1556 1186 1598 r.
1211 1536 1240 1599 6.
1266 1555 1356 1618 „esse

238 1659 346 1744 tuus’l’,
382 1659 547 1744 ,quolibet
581 1660 615 1723 in
650 1677 783 1723 numero
815 1669 866 1724 me
888 1659 1036 1744 repone'',
1063 1662 1143 1743 „sim
1167 1661 1267 1726 modo.
1283 1682 1356 1746 pars

241 1793 363 1852 vestrae
392 1806 458 1850 nou
484 1785 587 1850 aliena
610 1783 746 1850 domus’'
770 1785 809 1867 (v.
835 1786 964 1867 67-8).
988 1784 1068 1850 Oum
1091 1785 1276 1871 Messalino,
1299 1789 1355 1871 qui

241 1912 315 1977 olim
349 1910 455 1975 fautor
489 1915 555 1975 erat
588 1909 649 1990 (rr.
683 1910 739 1995 IV,
772 1913 804 1995 4,
835 1914 885 1975 24.
908 1911 943 1976 P.
965 1910 991 1975 Ι.
1018 1912 1046 1994 7,
1071 1913 1121 1975 26.
1143 1911 1187 1995 Π,
1211 1916 1241 1995 2,
1266 1915 1285 1977 3
1309 1933 1357 1997 sq.

242 2038 304 2102 103
329 2037 422 2122 sqq),
444 2042 536 2121 poeta
557 2037 591 2099 in
615 2038 749 2121 gratiam
772 2037 877 2102 redire
900 2036 1007 2102 studet
1029 2056 1088 2103 neo
1111 2037 1278 2104 blandiens
1290 2057 1357 2102 mo-

242 2163 319 2227 dum
347 2163 494 2228 excessit.
518 2159 657 2225 Nimiam
681 2161 808 2226 laudem
828 2161 1007 2227 fautoribus
1031 2169 1062 2227 et
1084 2165 1194 2228 amieis
1218 2163 1358 2230 tribuere

244 2286 379 2352 Ovidius
408 2308 584 2372 numquam
617 2291 752 2371 veretur,
781 2287 868 2370 quod
892 2289 1047 2372 exemplis
1070 2289 1219 2373 probabo
1242 2288 1359 2355 Narrat

244 2413 376 2497 Cottam,
398 2413 562 2480 Messalini
584 2413 724 2495 fratrem,
747 2412 837 2477 Celso
863 2413 913 2477 dei
936 2415 1037 2478 instar
1059 2415 1167 2480 fuisse.

243 2602 278 2666 P.
300 2601 325 2681 I,
351 2603 379 2685 9,
403 2603 442 2665 35
467 2622 542 2666 nam
571 2607 626 2666 tua
654 2600 769 2683 (Cotta)
794 2620 858 2664 non
883 2601 946 2665 alie
969 2603 1069 2666 coluit
1091 2603 1264 2686 penetralia
1285 2603 1360 2686 ritu,

139 2695 144 2706 ²
471 2733 627 2792 terrarum
652 2728 797 2792 dominos
822 2747 918 2811 quam
944 2729 1022 2793 eolis
1044 2730 1112 2813 ipse
1136 2730 1219 2794 deos.

408 2856 451 2919 49
474 2856 529 2939 qui
560 2855 672 2940 potuit,
703 2872 799 2938 quem
830 2859 866 2918 tu
895 2853 1006 2936 (Celse)
1029 2874 1086 2939 pro
1109 2857 1242 2944 numine
1264 2857 1360 2922 vivus

1213 2979 1360 3064 habebas,

473 3108 629 3191 praestitit
651 3107 793 3172 officium
815 3105 978 3172 Maximus
1001 3126 1095 3172 omne
1116 3104 1184 3170 tibi.

291 3293 408 3359 Sextus
440 3292 614 3379 Pompeius
636 3295 667 3359 ei
690 3314 709 3358 a
730 3295 855 3380 superis
877 3294 1001 3378 primus
1025 3296 1073 3398 est
1095 3292 1140 3374 (P.
1164 3291 1221 3377 IV,
1246 3294 1297 3376 15,
1321 3294 1362 3378 3),

248 3420 358 3486 scribit
379 3426 485 3488 tamen
509 3420 634 3486 Cottae:

246 3607 296 3672 Tr.
318 3607 357 3686 V,
381 3609 470 3691 9,11
496 3607 640 3674 Caesaris
656 3615 705 3674 est
716 3611 858 3695 primum
869 3628 998 3692 munus,
1011 3609 1096 3693 quod
1109 3609 1256 3674 duoimus
1268 3627 1362 3676 auras
1489 3692 1493 3700 ¹

496 3737 598 3819 gratia
620 3741 692 3820 post
715 3755 847 3820 magnos
870 3740 919 3800 est
941 3735 1000 3799 tibi
1022 3734 1167 3800 habenda
1189 3735 1273 3801 deos.

248 3857 284 3922 P.
310 3859 353 3941 Π,
379 3861 409 3942 3,
432 3860 472 3923 81
497 3864 529 3925 te
546 3865 653 3926 tamen
672 3866 746 3927 ante
758 3880 869 3926 omnes
880 3862 925 3926 ita
937 3880 1009 3926 sum
1021 3861 1216 3945 complexus,
1229 3866 1265 3926 ut
1276 3882 1363 3928 unus

499 3986 640 4070 quolibet
662 3988 696 4050 in
718 4007 796 4053 casu
817 3989 919 4073 gratia
942 3993 1050 4052 nostra
1071 3987 1164 4053 fores.
1237 4015 1265 4120 Ι

292 4173 383 4239 Fabii
406 4175 540 4240 Maximi
559 4181 661 4241 morte
673 4176 809 4241 concidit
824 4178 947 4260 „ipsum
961 4173 1295 4259 auxilium”P.IV,6,
1309 4177 1364 4240 14.

284 4473 308 4532 1)
327 4468 454 4533 (imber,
471 4471 521 4534 Qu.
538 4471 616 4526 otiu
635 4471 658 4534 1,
669 4461 700 4538 ¹p.
717 4471 758 4523 20.
