3356 5294
863 577 1014 674 eo¹

323 785 408 850 unde
431 790 467 850 ut
489 806 562 870 pars
586 785 697 850 saltem
721 786 846 851 levetur
868 791 1016 871 precatur
1035 787 1202 862 noster'l'r.
1215 787 1297 872 V,e,
1312 789 1352 853 19
1365 809 1433 873 sqq.

324 914 365 976 53
389 932 434 996 sq.
459 912 493 976 P.
516 912 540 990 Ι,
565 914 593 995 3,
619 913 667 975 13.
693 909 817 988 Quibus
840 913 918 977 loeis
942 913 981 977 ad
1005 915 1194 978 sententiam
1215 914 1435 999 explicandam

322 1039 516 1103 enumeratis
540 1042 637 1102 restat
661 1042 696 1101 ut
715 1038 819 1103 lucem
840 1038 1009 1103 afferamus
1030 1039 1166 1123 singulis
1179 1039 1285 1104 verbis
1297 1041 1436 1105 tentatis.

366 1161 552 1227 Laudentur
575 1180 668 1245 saepe
691 1181 749 1246 pro
772 1163 929 1226 mentium
955 1164 1112 1248 exemplis
1134 1165 1233 1249 Alpes
1256 1168 1288 1230 61
1311 1139 1404 1229 Atho.

323 1382 348 1428 e.
360 1383 389 1448 g.
411 1364 479 1427 Art.
491 1361 550 1446 III,
564 1365 625 1425 150
646 1381 706 1427 nea
727 1368 805 1447 quot
817 1382 892 1448 apes
904 1362 1040 1447 Hyblae,
1052 1383 1111 1429 nee
1124 1369 1203 1448 quot
1214 1365 1247 1427 in
1260 1364 1343 1449 Alpa
1352 1364 1438 1430 ferae

411 1489 478 1552 Art.
510 1486 626 1570 II,5li
649 1493 728 1573 quot
749 1487 872 1572 lepores
895 1489 930 1552 in
953 1488 1047 1572 Atho,
1068 1495 1148 1573 quot
1168 1507 1242 1573 apes
1261 1494 1439 1574 pascuntur

1270 1616 1306 1679 in
1327 1613 1437 1698 Hybla

410 1738 484 1804 Met.
514 1738 752 1824 [1616611116
780 1757 854 1804 aum
879 1739 1041 1806 montibus
1064 1740 1192 1805 ardent:
1217 1741 1306 1806 ardet
1328 1742 1440 1807 Athos.

366 1952 490 2020 Deinde
512 1958 658 2017 1161111611
686 1956 808 2018 montes
828 1952 996 2019 frondibus
1020 1973 1150 2020 ornasse
1173 1954 1309 2020 Ovidius
1330 1975 1389 2020 nos
1408 1959 1439 2020 61

322 2082 400 2147 alibi
434 2082 525 2146 docet
558 2085 590 2145 et
613 2079 648 2144 P.
671 2079 728 2164 IV,
752 2082 781 2163 5,
804 2079 843 2142 41
873 2100 966 2162 ,nam
990 2082 1079 2165 prins
1103 2083 1255 2146 umbrosa
1279 2083 1436 2147 carituros

321 2209 434 2274 arbore
452 2206 596 2273 montes”
621 2206 660 2271 ef.
678 2206 715 2270 P.
734 2205 760 2290 I,
780 2207 809 2290 3,
831 2207 880 2270 66.
900 2207 979 2271 Ibid
995 2206 1074 2271 135:
1087 2207 1292 2272 roboredum
1305 2212 1439 2293 montes,

322 2337 398 2401 dum
431 2335 539 2399 mollia
573 2333 690 2418 pabula
725 2335 829 2419 oampi
850 2333 1046 2417 (habebunt).
1070 2334 1123 2399 Sic
1147 2334 1186 2398 de
1208 2333 1297 2399 Pelio
1321 2334 1437 2399 dieitur

321 2461 404 2526 Past.
439 2460 479 2544 V,
514 2461 576 2523 381
607 2479 733 2523 summa
755 2460 859 2523 virent
881 2461 969 2544 pinu,
992 2463 1095 2523 oetera
1119 2479 1256 2545 quercus
1279 2459 1373 2524 habet
1396 2460 1436 2524 oi.

321 2584 397 2650 Her.
431 2584 475 2669 X,
510 2587 560 2648 25.
593 2583 665 2648 Met.
696 2583 754 2666 ΠΙ,
781 2583 851 2647 768.
875 2584 915 2668 V,
938 2584 1011 2647 612.
1034 2583 1077 2664 X,
1102 2584 1174 2648 103.
1198 2585 1272 2650 Η61.
1297 2583 1339 2668 Π,
1363 2584 1436 2649 113.

320 2711 378 2795 IV,
401 2713 451 2775 85.
474 2710 543 2774 Art.
566 2709 625 2792 HI,
651 2710 721 2773 574.
743 2709 823 2775 Ibid.
849 2710 920 2774 195.
943 2710 1031 2795 Virg.
1055 2711 1166 2776 Bucol.
1189 2710 1228 2794 V,
1251 2712 1292 2774 63
1304 2712 1437 2786 (intonsi

321 2841 465 2916 montes).
485 2834 589 2912 Quare
608 2835 724 2918 rejicio¹
735 2837 933 2919 conjecturas
952 2837 1270 2916 mutosfflurmanni
1282 2842 1314 2902 et
1324 2836 1436 2916 Riesii)

322 2968 354 3028 61
375 2961 483 3047 foueas
505 2959 715 3045 (luethlingii.

322 3355 357 3421 P.
379 3354 406 3442 I,
431 3356 459 3440 7,
484 3355 613 3420 lt-aa

455 3502 507 3548 me
530 3485 682 3548 miserum
705 3483 733 3547 si
754 3487 791 3547 tu
815 3479 921 3546 verbis
945 3479 1114 3546 offenderis
1136 3480 1208 3544 istis

455 3628 580 3693 nosque
593 3602 700 3693 'negas
724 3608 790 3672 ulla
812 3613 901 3692 parte
924 3606 1024 3671 fuisse
1045 3611 1128 3671 tuos.

455 3734 553 3818 idque
576 3736 618 3800 sit
644 3743 679 3799 ut
701 3752 822 3817 verum,
847 3734 977 3798 mentito
1001 3734 1166 3817 ignoscere
1190 3732 1304 3798 debas:

456 3861 502 3924 nil
526 3860 623 3924 demit
646 3859 734 3924 laudi
755 3860 857 3944 gloria
879 3863 989 3926 nostra
1012 3864 1095 3924 tuae.

457 3988 530 4072 quis
554 4005 589 4052 sa
611 3985 800 4052 Caesaribus
822 3991 918 4050 notus
941 4005 1007 4049 non
1029 3985 1122 4070 fingit
1143 3985 1307 4050 amioum?

457 4113 497 4177 da
520 4114 645 4176 veniam
669 4112 771 4178 fasso:
794 4117 832 4177 tu
854 4111 934 4174 mihi
956 4108 1072 4176 Caesar
1094 4129 1173 4175 erae.

369 4323 546 4390 Defendens
580 4323 719 4389 conabor
752 4324 908 4388 distichon
941 4323 1082 4387 medium
1113 4328 1144 4388 et
1168 4323 1326 4407 ultimum,
1350 4321 1435 4406 quod

327 4457 500 4536 utrumque
534 4452 696 4521 damnavit
727 4449 909 4533 Merkelius,
936 4448 1017 4513 illud
1039 4469 1099 4513 suo
1121 4447 1231 4534 Marte,
1253 4450 1313 4514 1100
1335 4447 1436 4514 Hein-
