3356 5294
807 560 849 621 23

264 766 340 832 tulli
373 786 563 852 responsum
602 767 760 833 urbanum
795 770 832 850 (c.
867 767 930 849 68).
964 765 1027 831 Sed
1062 767 1227 832 videamus
1252 766 1386 850 singula.

265 893 406 958 Haerent
444 894 630 979 interpretes
664 896 698 958 in
734 894 830 958 verbo
867 893 974 978 socero
1008 892 1094 976 quod
1128 871 1261 956 Dintero
1282 895 1306 970 1)
1340 897 1388 956 est

258 1019 418 1104 proficere.
453 1020 498 1084 At
532 1019 735 1104 exprobratio
773 1021 876 1083 omnis
911 1018 1015 1083 aliena
1050 1023 1098 1082 est
1129 1038 1147 1082 a
1178 1018 1247 1082 loco
1262 1017 1386 1082 deinde

264 1146 393 1211 aliunde
423 1166 488 1210 non
520 1151 645 1210 constat
675 1146 737 1209 dici
768 1165 861 1229 posse
892 1144 996 1229 socero
1026 1143 1125 1208 mutto
1154 1163 1192 1207 ex
1222 1143 1386 1228 aliquare

263 1292 319 1356 pro
342 1273 417 1336 inde
443 1273 579 1336 muttum
604 1273 770 1356 consequi,
794 1275 831 1334 ut
856 1271 980 1335 monuit
1003 1269 1092 1333 Korn
1114 1267 1237 1353 Stroph.
1257 1290 1289 1353 p.
1312 1269 1387 1332 alo.

263 1398 410 1464 Fortasse
433 1400 625 1483 deceperunt
653 1397 823 1462 Dinterum
847 1396 1007 1462 Ciceronis
1030 1395 1229 1481 1111111111).
1252 1392 1384 1477 Legitur

265 1524 305 1587 ad
327 1523 399 1587 fam.
422 1523 462 1607 V,
489 1525 538 1607 13,
564 1526 578 1586 1
608 1543 823 1608 ,quamquam
842 1525 911 1607 ipsa
931 1523 1104 1587 consolatio
1125 1523 1301 1586 litterarum
1314 1527 1383 1585 tua-

266 1670 338 1715 rum
362 1651 441 1714 mihi
462 1652 643 1736 gratissima
666 1655 715 1715 est
739 1687 779 1698 -
804 1659 910 1714 tamen
933 1649 1026 1714 illum
1048 1649 1188 1713 fructum
1214 1665 1255 1712 ex
1274 1647 1314 1710 iis
1333 1647 1384 1710 lit·

266 1777 341 1840 teris
375 1777 427 1840 rel
461 1779 638 1841 maximum
674 1777 751 1860 cepi,
786 1775 873 1860 quod
907 1780 938 1839 te
970 1774 1129 1859 praeclare
1151 1792 1202 1837 res
1225 1773 1382 1836 humanas

265 1908 518 1968 contemnentem
553 1908 584 1968 et
614 1909 743 1986 optume
774 1906 883 1965 contra
913 1900 1073 1965 fortunam
1106 1905 1249 1984 paratum
1280 1919 1382 1963 arma·

266 2032 401 2111 tumque
423 2027 597 2112 cognovi'';
622 2028 661 2093 ad
684 2028 756 2092 fam.
780 2027 853 2110 VII,
880 2028 928 2108 10,
952 2028 971 2088 3
996 2027 1104 2090 scribit
1121 2024 1282 2130 Trebatio:
1305 2025 1380 2107 „sed

248 2123 373 2218 'tamen
403 2154 444 2218 iis
471 2155 593 2236 litteris,
617 2174 697 2239 quas
720 2155 867 2238 proxime
891 2152 972 2235 dedi,
994 2155 1103 2236 putavi
1129 2170 1198 2217 esse
1220 2153 1380 2216 hominem

268 2257 324 2361 (s'c.
346 2277 520 2359 Caesarem)
542 2279 817 2346 commonendum.
838 2278 871 2341 id
889 2278 966 2342 feci:
988 2278 1065 2362 quid
1080 2278 1275 2363 profecerim,
1286 2277 1383 2343 facias

269 2422 320 2466 me
340 2404 435 2468 velim
456 2403 651 2468 certiorem.”
672 2404 733 2468 Sed
746 2406 896 2468 rariorem
911 2404 1008 2468 huius
1020 2404 1107 2468 verbi
1120 2402 1382 2488 significationem

212 2617 214 2622 Ι
267 2533 405 2595 statuere
427 2549 490 2593 non
516 2527 674 2615 opus'est.
698 2530 813 2594 Facere
835 2533 867 2593 in
894 2550 957 2595 usu
979 2535 1026 2594 est
1045 2532 1078 2593 in
1099 2529 1381 2595 adhortationibus.

268 2653 330 2719 Cio.
350 2656 389 2720 ad
408 2656 480 2720 fam.
501 2656 591 2737 XIV,
613 2659 641 2738 3,
662 2658 680 2720 3
705 2674 782 2740 „ego
793 2661 899 2720 tamen
911 2656 1023 2720 faciam
1037 2674 1119 2739 quae
1130 2654 1314 2740 praeeipis''.
1328 2655 1380 2719 Ad

268 2778 303 2856 Q.
325 2780 362 2844 fr.
386 2779 412 2865 1,
436 2783 465 2864 1,
489 2783 538 2865 12,
563 2783 604 2845 35
631 2785 739 2865 ,potes
763 2782 857 2845 etiam
877 2785 913 2844 tu
937 2781 968 2844 id
993 2780 1105 2862 facere,
1127 2780 1213 2863 quod
1237 2782 1382 2845 ett'eoisti

266 2905 407 2988 egregrie
431 2911 461 2971 ct
483 2906 572 2990 facis,
594 2911 631 2971 ut
653 2924 889 2988 commemores,
912 2910 1031 2988 quanta
1053 2907 1174 2985 sit...;
1198 2904 1273 2969 ibid.
1295 2906 1314 2987 ἕ
1339 2907 1379 2969 36

269 3031 344 3112 „sed
376 3032 453 3116 qnid
483 3051 541 3116 ego
571 3037 602 3098 te
632 3033 710 3097 haec
735 3033 852 3114 hortor,
882 3049 964 3115 quae
994 3035 1030 3095 tu
1058 3049 1122 3094 non
1153 3030 1248 3094 modo
1277 3030 1380 3095 tacere

267 3162 356 3239 potes
376 3161 432 3220 tua
451 3162 563 3241 sponte
582 3159 651 3222 sine
670 3159 860 3241 cuiusquam
881 3158 1068 3241 praeceptis
1085 3156 1140 3221 sed
1160 3159 1253 3222 ctiam
1268 3176 1381 3241 magna
1494 3211 1495 3216 ,

264 3281 332 3363 jam
366 3299 406 3345 ex
429 3287 517 3365 parte
540 3281 744 3366 perfecisti?”
769 3281 830 3346 Cic.
855 3282 893 3346 de
918 3280 1160 3365 Orat.111,5a‚
1185 3283 1245 3344 201
1275 3283 1382 3367 ,quod

268 3404 395 3488 quidem
421 3425 478 3471 vos
501 3408 561 3470 etsi
584 3406 695 3488 facitis,
715 3413 820 3471 tamen
840 3406 1056 3471 admonendos
1075 3405 1184 3490 puto.”
1203 3406 1276 3470 Non
1289 3408 1380 3473 aliter

268 3531 369 3594 utitur
399 3532 458 3594 hoc
488 3530 585 3596 verbo
616 3530 759 3614 Ovidius,
783 3552 883 3614 quum
908 3551 1042 3596 uxorem
1066 3532 1251 3598 adhortatur
1272 3535 1305 3597 in
1330 3534 1379 3599 ul-

266 3659 344 3721 tima
364 3656 514 3722 Tristium
537 3659 675 3742 epistula

268 3854 296 3896 v.
321 3835 363 3898 43
453 3852 511 3898 111
535 3838 565 3898 11
588 3833 769 3917 credideris,
793 3837 868 3918 quia
892 3853 956 3898 non
979 3834 1067 3919 facis,
1090 3837 1151 3900 ista
1174 3839 1313 3901 moneri:

269 4029 403 4038 *—

301 4156 325 4216 1)
344 4153 374 4206 B.
391 4155 487 4208 Dinter
505 4154 537 4207 do
555 4155 584 4207 P.
602 4155 694 4208 Ovidii
711 4155 825 4208 Nasonis
842 4171 876 4208 ex
893 4155 978 4208 Ponto
994 4156 1071 4208 libris
1085 4157 1271 4210 commentatio
1287 4159 1381 4212 altera.

269 4246 376 4299 Grimae
396 4251 466 4316 1865,
482 4264 542 4315 pag.
559 4251 591 4301 36
607 4264 646 4316 sq.

303 4341 329 4403 2)
357 4338 454 4390 Dinter
478 4340 577 4393 Oomm.
601 4339 639 4408 H,
663 4355 688 4407 p.
707 4339 740 4392 39
756 4339 895 4394 adnotavit
911 4355 925 4392 e
943 4339 997 4394 611.
1012 4338 1047 4393 ad
1064 4339 1126 4392 tam
1142 4339 1177 4407 V,
1193 4343 1225 4392 13
1242 4342 1379 4409 nonnulla,

271 4445 338 4499 quaa
355 4445 408 4482 non
425 4431 539 4483 multum
557 4431 654 4484 absunt
671 4447 805 4484 asumma
822 4430 984 4484 1111111111
1000 4433 1105 4483 nostrae
1121 4430 1258 4498 epistulae.
