3356 5294
302 989 341 1053 In
372 990 508 1073 epistula
538 993 650 1073 quarta
677 988 750 1053 libri
772 990 867 1072 primi
891 992 1052 1072 comparat
1073 975 1157 1052 in'ter
1180 1005 1213 1052 se
1237 984 1372 1050 Ovidius

257 1113 382 1179 labores
412 1114 537 1180 Iasonis
567 1119 598 1179 et
629 1133 714 1178 suos.
744 1114 886 1198 Uterque
916 1115 949 1176 in
980 1113 1120 1178 Pontum
1143 1113 1302 1197 profectus
1326 1115 1374 1176 est

258 1241 314 1320 (vs.
338 1241 400 1322 27),
422 1240 478 1305 sed

259 1446 303 1490 vs.
329 1428 368 1490 31
394 1428 533 1490 iunctior
554 1426 731 1492 Haemonia
755 1432 803 1491 est
825 1427 937 1509 Ponto,
957 1448 1053 1511 quam
1073 1423 1174 1491 Roma
1194 1428 1236 1492 sit
1254 1426 1372 1490 Histro.

305 1613 455 1678 Probavit
485 1616 571 1679 huno
600 1616 753 1700 loquendi
780 1636 899 1681 morem
923 1615 1076 1680 Heinsius
1099 1616 1139 1680 ad
1161 1615 1196 1679 P.
1220 1615 1244 1696 Ι,
1269 1616 1298 1696 1,
1322 1614 1373 1677 61.

261 1737 403 1822 Oonjecit
436 1739 643 1806 Burmannus
676 1743 788 1806 invitis
823 1741 973 1806 omnibus
996 1740 1213 1822 codicibus¹):
1238 1739 1373 1802 sinistro.

260 1863 352 1928 Heno
371 1865 635 1948 emendationem,
651 1868 685 1929 in
707 1887 771 1951 qua
789 1868 887 1931 totius
907 1867 1034 1931 distichi
1047 1866 1133 1931 selus
1145 1867 1255 1949 posita,
1268 1862 1374 1928 defen-

259 1988 331 2053 dere
360 1987 496 2073 iuvatl).
523 1991 590 2055 iam
616 1994 723 2056 minus
746 1992 924 2075 displicebit
947 2011 1016 2056 mea
1040 1993 1204 2073 sententia,
1228 1992 1255 2054 si
1280 1987 1373 2053 modo

258 2115 412 2179 concedes
443 2115 604 2200 Ovidium,
627 2122 663 2181 ut
686 2124 717 2182 et
738 2121 881 2182 animum
904 2117 1031 2181 lectoris
1054 2121 1195 2181 moveret
1219 2120 1249 2181 et
1272 2117 1374 2200 Argo·

259 2246 430 2304 nautarum
461 2242 695 2326 expeditionem
727 2263 800 2306 oum
832 2245 945 2307 itinere
975 2262 1033 2307 suo
1064 2247 1149 2306 recte
1171 2247 1375 2326 compararet,

259 2371 371 2449 gentes
394 2367 564 2432 indomitas
588 2367 683 2432 Ponti
706 2368 828 2433 Euxini
853 2374 889 2433 ut
912 2370 1033 2432 vicinas
1057 2366 1197 2433 finxisse.
1222 2366 1314 2443 Quod
1333 2387 1375 2432 ex

259 2490 310 2555 his
331 2492 487 2576 exemplis
511 2511 660 2576 apparere
682 2499 767 2577 puto.
791 2493 891 2558 Exilii
914 2494 1005 2587 sedes
1025 2494 1115 2558 audit
1133 2513 1205 2558 orac
1217 2490 1376 2578 Scythicae

260 2615 320 2699 (Tr.
349 2616 405 2698 IV,
430 2618 459 2699 9,
486 2618 539 2703 17)
563 2617 719 2683 Sarmatis
741 2639 797 2685 oro
822 2621 883 2704 (Tr.
907 2620 947 2704 V,
961 2619 1001 2704 ⁹3,
1024 2622 1065 2701 8).
1081 2619 1279 2686 Cimmerium
1303 2619 1376 2683 litus

259 2742 303 2822 (P.
327 2742 383 2826 IV,
410 2744 458 2826 10,
484 2747 521 2826 l).
543 2744 685 2810 Eandem
710 2748 871 2811 licentiam
894 2748 1046 2830 poeticam
1071 2765 1242 2830 cognosces

258 2929 306 2992 Tr.
326 2929 368 3013 ΙΙ,
390 2932 448 2993 191
474 2931 606 3017 Iazyges
630 2938 661 2998 et
684 2933 793 2997 Colchi
816 2933 1017 3018 Metereaque
1039 2933 1134 2998 turbo
1159 2933 1321 3017 Getaeque

473 3055 613 3122 Danuvii
637 3059 750 3124 mediis
773 3061 830 3123 vix
854 3059 1062 3143 prohibentur
1085 3061 1178 3143 aquis

261 3181 295 3244 P.
315 3180 339 3263 Ι,
360 3185 388 3264 2,
412 3182 449 3245 77
474 3202 533 3246 nec
556 3190 646 3248 vacat
669 3185 724 3267 (so.
748 3185 921 3269 Augusto),
944 3187 978 3248 in
1003 3206 1066 3269 qua
1091 3187 1155 3249 sint
1176 3186 1272 3269 positi

1076 3312 1204 3395 regione
1226 3310 1377 3393 Tomitae,

474 3454 635 3519 quaerere,
657 3435 793 3501 finitimo
816 3440 873 3501 vix
896 3439 966 3502 loco
989 3442 1065 3501 nota
1089 3436 1202 3501 Getae:

473 3566 528 3626 aut
552 3561 629 3646 quid
653 3561 858 3628 Sauromatae
880 3563 1007 3645 faciant,
1027 3561 1105 3646 quid
1124 3561 1257 3646 Iazyges
1277 3579 1375 3644 acres,

472 3688 622 3773 cultaque
647 3687 795 3753 Oresteae
817 3688 950 3752 Taurica
973 3684 1093 3768 terra⁸t
1117 3688 1210 3752 deae:

472 3834 619 3899 quaeque
640 3815 720 3879 aliae
741 3821 861 3898 gentes,
884 3814 938 3879 ubi
958 3815 1075 3899 frigore
1095 3816 1237 3879 constitit
1256 3813 1375 3897 Hister,

472 3940 552 4006 dura
576 3947 684 4005 meant
706 3941 800 4004 celeri
823 3946 911 4025 terga
932 3960 988 4024 per
1011 3942 1114 4004 amnis
1138 3959 1231 4024 equo.

263 4073 405 4082 —u—-—

293 4177 316 4236 1)
334 4173 431 4227 Hister
447 4191 552 4243 quoque
569 4177 710 4242 corruptus
728 4174 757 4226 Ρ.
774 4173 825 4240 ΙΠ,
842 4177 866 4241 2,
883 4177 924 4225 44.

292 4267 320 4324 2)
338 4265 401 4316 Fuit
416 4282 477 4317 oum
494 4266 655 4333 suspicarer:
672 4265 809 4318 Sarmatis
826 4266 904 4332 urbi;
918 4264 1091 4317 sauromatis
1106 4265 1170 4316 urbs
1185 4279 1239 4315 non
1256 4262 1375 4315 defendit

260 4356 380 4424 „Aonius
396 4356 470 4408 fous'²
488 4357 530 4422 (P.
547 4357 596 4424 IV,
613 4360 637 4425 2,
654 4360 707 4422 47).
725 4358 762 4408 nt
779 4373 828 4409 ora
845 4357 889 4409 rel
909 4357 988 4409 tellus
1007 4371 1086 4423 aegre
1105 4354 1279 4407 desideratur.

293 4449 320 4512 3)
338 4445 382 4500 Tr.
400 4446 448 4514 IV,
464 4449 531 4513 4‚63.
548 4447 577 4500 Ρ.
594 4446 646 4514 ΙΠ,
663 4450 687 4516 2,
704 4450 745 4500 45.
