3356 5294
840 556 882 617 28

488 766 522 829 o!
546 783 613 849 ego,
636 764 668 828 di
690 763 815 847 faciant,
838 763 934 828 talem
957 769 989 829 te
1011 782 1139 829 cernere
1161 765 1292 848 possim,

487 910 624 974 caraque
650 892 779 955 mutatis
802 889 910 954 oscula
933 889 1015 955 ferre
1038 892 1147 955 comis.

355 1077 407 1140 An
441 1078 500 1141 hoc
534 1078 699 1142 osculandi
732 1097 836 1161 genus
867 1097 978 1161 parum
1011 1077 1116 1140 mariti
1140 1076 1285 1140 affectum
1309 1073 1425 1138 referre

309 1204 485 1286 putandum
520 1205 592 1269 est?
625 1203 782 1268 Heinsius
817 1203 945 1288 quidem
978 1203 1113 1268 affirmat
1143 1200 1423 1286 praestaremus,

311 1331 396 1413 quod
419 1333 538 1414 recepit
561 1330 786 1416 Gnathlingins
810 1331 923 1414 spretis
948 1330 1132 1394 melioribus
1152 1329 1326 1394 codicibus,
1349 1327 1423 1392 Om-

308 1472 381 1519 nem
407 1455 636 1520 dubitationem
663 1456 782 1538 tollent,
804 1457 907 1538 credo,
932 1456 1027 1520 verba
1050 1458 1216 1540 sequentia

440 1618 651 1701 amplectique
675 1619 754 1682 meis
778 1637 894 1701 corpus
917 1636 980 1680 non
1004 1619 1123 1701 pingue
1146 1617 1271 1680 lacertis

442 1748 473 1806 et
498 1745 632 1827 „gracile
655 1745 715 1807 hoc
736 1743 831 1808 fcoit''
856 1744 960 1808 dicere
986 1764 1081 1826 „cura
1105 1743 1196 1808 mei.”

310 1926 400 1968 nam*
419 1909 546 1990 saepius
576 1908 639 1971 dno
669 1906 789 1971 formae
812 1909 1002 1972 intereuntis
1024 1908 1142 1970 indicia
1166 1909 1247 1987 (cani
1271 1910 1302 1970 ct
1324 1925 1421 1989 rugae

310 2033 360 2096 vel
385 2034 511 2113 macies)
535 2037 834 2110 commemorantur,
854 2035 953 2098 veluti
976 2036 1011 2096 in
1033 2035 1124 2096 initio
1148 2033 1244 2096 huius
1268 2030 1422 2115 epistulae

310 2157 349 2220 ad
375 2177 508 2222 uxorem
533 2158 639 2222 datae:

484 2323 547 2385 iam
571 2321 650 2385 mihi
673 2322 809 2386 deterior
831 2323 919 2385 canis
942 2321 1121 2404 aspergitur
1143 2325 1229 2383 aetas

484 2449 612 2531 iamque
635 2466 722 2512 meos
742 2447 853 2511 vultus
876 2467 956 2531 ruga
979 2445 1088 2510 senilis
1111 2451 1186 2509 arat.

353 2610 520 2674 Praeterea
542 2611 575 2673 in
596 2599 720 2674 damnis
740 2611 882 2693 corporis
902 2609 1118 2674 describendis
1138 2627 1246 2672 comae
1257 2625 1421 2690 genaeque

310 2739 450 2799 mutatae
474 2737 716 2819 conjunguntur
737 2736 805 2798 Art.
829 2734 870 2815 ΙΙ,
894 2734 1033 2796 lli-as.
1056 2732 1115 2813 ΙΙΙ,
1140 2732 1256 2796 73-6.
1281 2733 1421 2795 443-4,

309 2861 422 2925 Tibull.
439 2861 471 2944 ,1,
495 2864 524 2944 8,
550 2860 732 2942 9-12.11,
756 2863 786 2943 2,
810 2861 947 2922 19-20.
970 2857 1061 2940 Prop.
1086 2857 1144 2939 ΠΙ,
1171 2856 1218 2939 10,
1233 2855 1421 2919 5—6.Lau·

309 2986 396 3050 davit
430 2986 573 3050 Kornius
604 2986 702 3069 (Bem.
734 3007 759 3049 a.
790 2983 1027 3048 Handschriftk.
1052 3004 1079 3066 p.
1106 2984 1145 3064 8).
1169 2982 1263 3066 Prop.
1287 2981 1346 3065 111,
1371 2981 1421 3063 10,

313 3112 352 3174 17
378 3116 409 3175 ct
431 3113 527 3195 Apul.
551 3111 675 3176 Metam.
699 3111 741 3193 Π,
763 3132 792 3195 p.
820 3110 893 3192 119,
917 3120 953 3174 ut
976 3109 1072 3173 verba
1094 3109 1198 3172 oscula
1220 3109 1305 3192 ferre
1329 3109 1421 3172 comis

309 3237 498 3301 defenderet
522 3236 710 3302 Lectionum
733 3237 868 3300 varietas
892 3236 1032 3319 vulgaris
1050 3235 1230 3298 illustratur
1241 3233 1326 3318 apud
1338 3233 1421 3296 Bur-

309 3384 461 3428 mannum
486 3365 625 3443 (adher.
652 3365 688 3447 V,
714 3365 763 3426 12.
786 3362 846 3446 XI,
870 3365 930 3444 92).

308 3751 343 3814 Ρ.
357 3750 382 3831 Ι,
396 3752 423 3832 5,
438 3751 456 3814 9
470 3751 547 3813 haec
559 3769 696 3834 quoque,
710 3768 792 3833 quae
803 3749 916 3831 legitis
929 3735 1035 3830 siqu'id
1048 3746 1133 3828 mihi,
1146 3745 1295 3825 Maxime,
1307 3745 1420 3827 credis,

475 3874 644 3939 scribimus
665 3877 766 3938 invita
789 3876 911 3957 vixque
933 3880 1041 3938 coacta
1063 3893 1170 3936 manu.

352 4037 498 4102 Licenter
528 4043 648 4102 mutata
677 4044 725 4103 est
757 4059 821 4101 vox
845 4044 948 4101 coacta
971 4039 1005 4100 in
1029 4035 1119 4101 codd.
1142 4034 1326 4120 L'cgendum
1349 4053 1423 4117 pro-

309 4167 432 4248 prosuit
465 4163 619 4228 Heinsius
646 4169 819 4249 properata
853 4163 904 4227 vel
936 4166 1094 4241 perorata.
1129 4160 1257 4225 Riesius
1289 4160 1422 4223 tentavit

309 4290 443 4353 subacta.
474 4291 518 4354 At
548 4290 628 4354 bene
652 4310 686 4355 se
709 4290 802 4355 habet
824 4291 916 4354 lectio
941 4288 1106 4352 meliorum
1131 4287 1220 4350 codd.
1244 4285 1281 4348 cf.
1305 4284 1341 4348 P.
1364 4283 1421 4365 IV,

311 4420 339 4500 2,
364 4417 403 4478 27
429 4437 475 4502 sq.
499 4416 570 4482 Met.
594 4416 650 4500 VI,
675 4418 749 4483 628.
