3356 5294
230 945 283 1010 ·P.
307 945 332 1021 Ι,
355 947 385 1028 2,
409 946 451 1008 23
476 944 557 1008 adde
581 943 643 1006 looi
665 941 778 1005 faeiem
801 960 860 1006 neo
882 939 993 1004 fronde
1015 958 1075 1004 neo
1097 939 1209 1004 arbore
1231 942 1307 1005 teoti

199 1041 203 1050 ⁴
468 1074 499 1133 et
522 1068 609 1152 quod
633 1069 720 1132 iners
744 1060 841 1130 h'lemi
864 1068 1070 1130 continuatur
1092 1067 1206 1130 hiems.

292 1265 450 1332 Omnibus
487 1269 601 1332 ceteris
636 1266 725 1330 codd.
748 1264 936 1351 posthabitis
958 1263 1113 1330 Heinsius
1137 1271 1168 1329 et
1189 1263 1363 1330 Merkelius

174 1399 176 1404 “
247 1398 436 1476 receperunt
459 1394 557 1458 unius
580 1393 727 1457 Vaticani
750 1392 918 1457 lectionem
941 1392 1023 1475 loeti,
1047 1411 1110 1475 quo
1123 1392 1276 1474 adjectivo
1289 1411 1362 1456 oum

248 1518 387 1584 ablativo
407 1521 519 1602 junoto
543 1521 590 1584 uti
614 1539 719 1603 neque
739 1517 890 1583 Ovidium
911 1536 1016 1601 neque
1035 1517 1206 1601 Virgilium
1228 1516 1364 1581 affirmat

248 1647 391 1711 Kornius
408 1618 554 1732 ι(00101)
579 1647 598 1708 8
622 1644 683 1731 sq.)
707 1643 858 1730 Legimus
881 1649 987 1734 tamen

246 1833 360 1918 Georg.
383 1832 427 1916 ΙΙ,
452 1833 515 1896 184
538 1838 569 1896 01
593 1850 675 1915 quae
695 1832 827 1915 pinguis
847 1831 967 1895 humus
987 1829 1137 1912 dulcique
1149 1827 1364 1912 unguielaeta

535 1958 656 2040 quique
667 1956 818 2039 frequens
830 1956 937 2019 herbis
950 1959 982 2018 et
992 1954 1105 2019 fertilis
1117 1953 1364 2039 ubereoampus.

248 2083 359 2169 Georg.
384 2082 426 2165 Π,
452 2083 514 2144 112
538 2082 630 2147 litora
653 2083 798 2163 myrtetis
822 2082 995 2147 laetissima

293 2282 337 2343 At
370 2298 475 2363 neque
509 2278 583 2344 loeti
613 2298 718 2364 neque
740 2279 806 2363 feti,
829 2281 916 2364 quod
939 2281 1104 2365 proposuit
1126 2263 1268 2345 Kornius
1292 2279 1363 2344 ooll.

249 2404 284 2468 P.
307 2404 333 2468 I.
359 2407 388 2489 7,
415 2405 455 2468 13
489 2406 566 2469 mihi
598 2405 857 2471 substituendum
885 2407 1020 2491 videtur,
1043 2408 1119 2490 quia
1141 2408 1192 2470 hio
1216 2427 1279 2471 non
1302 2407 1364 2471 fer-

248 2531 369 2596 tilitatis
401 2536 433 2596 et
461 2534 660 2596 amoenitatis
684 2536 846 2616 expertem
870 2532 926 2596 sed
948 2532 1135 2616 planunnet
1157 2553 1294 2617 aequum
1319 2532 1364 2597 lo·

248 2674 322 2719 oum
356 2675 426 2739 esse
459 2656 536 2721 dicit
571 2654 715 2722 Ovidius.
747 2656 799 2722 Sic
831 2657 924 2721 modo
948 2677 997 2721 om
1016 2660 1093 2734 :inom
1101 2658 1229 2724 arbores
1253 2658 1363 2724 abesse

247 2781 342 2844 tradit
366 2782 460 2846 modo
483 2801 577 2867 poma
600 2787 631 2847 et
654 2802 734 2847 uvas
758 2782 946 2847 desiderari:
968 2783 1129 2864 interdum
1148 2783 1276 2848 arbores
1288 2803 1363 2847 oum

248 2908 371 2972 steriles
404 2913 473 2972 tum
498 2908 666 2993 pomiferas
689 2928 765 2992 agro
787 2908 951 2972 Tomitano
976 2927 1045 2973 esse
1067 2913 1196 2994 negatas
1220 2909 1365 2973 affirmat.

248 3032 385 3118 Appono
410 3035 507 3117 loooS,
530 3033 648 3117 quibus
667 3039 783 3099 terram
803 3054 935 3118 prorsus
948 3053 1054 3099 carere
1066 3034 1232 3100 arboribus
1244 3034 1364 3100 soribit.

249 3217 298 3281 Tr.
320 3218 379 3301 ΠΙ,
404 3219 454 3301 10,
479 3221 519 3282 75
577 3221 754 3304 adspiceres
784 3222 888 3286 nudos
920 3223 990 3287 sine
1018 3221 1130 3285 fronde
1161 3209 1229 3286 sine
1253 3221 1364 3285 arbore

1236 3366 1365 3431 campos

250 3466 298 3531 Tr.
320 3467 379 3550 ΠΙ,
404 3470 454 3552 12,
480 3469 519 3531 16
576 3490 650 3534 nam
672 3471 784 3555 proonl
807 3492 825 3535 a
850 3471 967 3536 Getieis
990 3471 1109 3535 finibus
1132 3469 1225 3534 arbor
1247 3470 1336 3535 abest

249 3593 341 3659 Pont
364 3593 420 3678 IV,
442 3595 492 3678 10,
512 3596 551 3657 31
579 3596 630 3660 hio
653 3598 721 3681 agri
743 3596 906 3661 infrendes

249 3718 341 3782 Pont
365 3719 389 3802 Ι,
413 3720 442 3803 3,
467 3721 507 3783 52
579 3741 644 3785 non
668 3721 780 3786 salines
803 3723 880 3804 ripa,
902 3720 1016 3785 robora
1039 3727 1146 3786 monte
1168 3723 1273 3786 virent

155 3887 159 3896 -
210 3839 213 3846 ’
249 3843 343 3909 Pont.
366 3843 425 3927 ΙΠ,
450 3847 477 3928 8,
505 3848 542 3908 15
578 3847 680 3911 tristia
712 3846 867 3911 deformes
880 3843 903 3930 Ξ1
931 3849 1060 3932 pariunt
1083 3847 1241 3912 absinthia
1264 3849 1368 3931 campi

250 3972 341 4036 Pont.
364 3971 423 4055 ΙΠ,
451 3974 477 4055 l,
501 3973 541 4034 20
576 3975 679 4038 tristia
702 3993 757 4058 per
777 3993 895 4037 vaouos
913 3974 1042 4039 horrent
1061 3974 1219 4038 absinthia
1238 3993 1366 4059 campos

253 4151 397 4161 -—

285 4267 312 4331 1)
329 4265 376 4317 Dr.
393 4266 424 4319 0.
441 4265 529 4320 Korn:
544 4266 751 4335 Bemerlrungen
767 4283 815 4318 zur
823 4267 1364 4322 HondsohriftknndederOrfdianisohen

250 4355 356 4409 Biioher
372 4371 406 4408 ex
422 4356 519 4412 Ponto.
534 4357 626 4410 Wesel
644 4360 716 4410 1866.

283 4448 311 4512 2)
328 4446 407 4500 Trist.
424 4445 458 4515 V,
474 4450 499 4516 2,
515 4447 547 4500 63
564 4447 663 4500 Euxini
680 4447 809 4503 deformia
825 4451 904 4504 litora
920 4451 1056 4520 aequoria.

1251 4543 1267 4593 2
