3356 5294
769 539 831 636 a

760 787 850 850 wi

289 973 430 1056 Thucyd.
458 974 514 1056 VI,
538 975 565 1056 7,
592 974 626 1036 l:
652 973 874 1050 Λακεδαιμόνιοι
898 973 930 1037 δὲ
952 977 1002 1038 τοῦ
1026 975 1118 1039 αὐτοῦ
1141 978 1285 1053 χειμῶνος
1315 973 1366 1038 καὶ

244 1099 268 1162 οἱ
298 1095 457 1178 ξύμμαχοι
487 1099 564 1172 πλην
595 1073 736 1179 Κορινθίαν
767 1100 997 1179 στρατεύσαντες
1020 1102 1049 1172 ἐς
1074 1099 1126 1172 την
1149 1100 1286 1181 Ἀργείαν
1310 1107 1364 1174 τῆς

245 1248 278 1288 τε
307 1232 364 1304 γῆς
399 1225 502 1303 ἔτεμον
531 1228 562 1290 ού
593 1225 706 1298 πολλὴν
736 1225 788 1290 καὶ
821 1233 902 1292 σῖτον
931 1225 1145 1304 οένεκομίσαντύ
1174 1251 1240 1290 τινα
1272 1226 1362 1307 ζεύγη

246 1350 430 1428 κομίσαντες.
815 1337 817 1342 ’

290 1477 433 1542 Dalanda
456 1484 532 1543 sunt
555 1477 646 1558 ζεύγη
670 1478 855 1556 κομίσαντες.

777 1667 836 1732 IX.

291 1851 432 1933 Thueyd.
463 1853 519 1926 Vl,
550 1855 600 1934 22,
636 1855 670 1916 l:
703 1850 784 1931 ἄγειν
815 1853 866 1919 καὶ
898 1853 1055 1926 σιτοποιούς
1078 1855 1111 1918 ἐκ
1135 1857 1190 1917 τῶν
1215 1855 1365 1930 μολύνων,

246 1965 313 2045 πρὸς
337 1964 421 2045 μέρος
445 1953 696 2043 ἠναγκασμένους,
721 1967 890 2044 ἐμμίσθους.

291 2092 404 2156 Verte:
429 2113 507 2156 τοοκ
530 2113 588 2158 een
613 2076 694 2174 (ena)
718 2095 787 2160 dael
810 2095 1017 2180 gedwongen.

769 2239 828 2345 a

290 2466 370 2530 Vell.
395 2467 436 2544 II,
463 2468 535 2550 112,
558 2472 594 2530 4:
621 2517 646 2530 ..
660 2518 666 2530 .
680 2517 687 2530 .
701 2488 800 2552 paene
823 2470 1018 2534 exitiabilem
1044 2471 1204 2537 omnibua

291 2591 450 2656 Praestat:
476 2594 575 2658 nobis.

778 2760 836 2824 XI.

290 2896 653 2981 eamean:

821 2993 878 3052 tua
902 3007 942 3052 ne
964 2987 1102 3052 retardet

512 3077 603 3140 Aura
625 3078 764 3142 marii0s.

264 3239 265 3244 κ
291 3204 382 3267 Aura
395 3227 436 3260 ·.-.
449 3203 575 3284 belitae,
600 3205 740 3287 spiritus.

293 3327 337 3390 Of.
360 3327 528 3392 Timoclem
554 3329 639 3412 apud
662 3331 778 3394 Athen.
801 3329 894 3412 XIII,
920 3331 959 3394 27
984 3331 1089 3414 (57ομ

446 3449 509 3517 ύσον
532 3453 564 3516 τὸ
588 3451 705 3531 μεταξὺ
728 3453 808 3532 μετοὶ
830 3455 960 3536 κορίσκης
983 3452 1000 3528 ἢ
1025 3453 1106 3531 μετα
1153 3492 1156 3499 ,

446 3579 649 3658 χαμαιτύπης
672 3580 725 3654 την
751 3579 843 3646 νύκτα
866 3584 1030 3659 κοιμοῖσύαι.
1057 3580 1167 3659 Βαβαῖ.

448 3706 464 3779 η
489 3703 656 3787 στιφρότης,
681 3707 714 3771 τὸ
738 3711 859 3787 χρῶμα,
883 3713 1013 3786 πνεῦμα,
1038 3708 1182 3785 δαίμονες.

771 3898 846 3963 XII.

293 4068 385 4152 Prop.
407 4069 458 4132 III
480 4069 558 4152 (IV),
583 4072 613 4153 4,
639 4070 675 4133 7:

403 4196 447 4260 ite
471 4198 563 4280 agite,
588 4199 736 4279 expertae
760 4194 843 4259 bello
867 4195 939 4259 date
963 4196 1060 4260 lintea
1082 4213 1204 4279 prorae,

404 4326 435 4384 et
456 4323 586 4386 solitum
611 4323 759 4404 armigeri
784 4321 890 4385 ducite
913 4341 1032 4385 munus
1056 4323 1141 4404 equi.

295 4466 397 4529 equus
421 4452 469 4510 est
492 4449 593 4511 navis.
