3356 5294
831 571 872 632 52

334 777 471 844 Consule
502 799 630 864 quoque
662 778 845 845 Ciceronem
877 780 916 844 de
946 781 1145 864 aegritudine
1167 781 1266 866 animi
1289 779 1400 863 dispu-

287 899 405 959 tantem
438 893 576 972 (Tusoul.
611 894 670 974 Ill)
706 901 736 958 et
769 894 907 959 Senecae
937 895 1034 978 Epist.
1062 896 1110 958 13.
1135 895 1292 958 Anxietas
1317 897 1401 958 enim

289 1021 388 1084 animi
418 1019 463 1100 (P.
495 1020 520 1102 Ι,
549 1023 579 1103 4,
602 1022 634 1104 8)
661 1040 760 1085 vanos
784 1019 888 1085 metus
910 1025 1021 1104 poetae
1044 1022 1169 1101 incutit,
1194 1019 1280 1104 quod
1304 1020 1404 1083 eidem

293 1147 408 1212 accidit
1274 1147 1275 1152 ’

292 1335 339 1399 Tr.
362 1335 419 1418 IV,
443 1338 473 1420 3,
495 1337 514 1399 9
537 1337 636 1420 inque
659 1355 762 1400 meam
782 1336 900 1400 nitidos
921 1336 1082 1398 dominam
1102 1334 1275 1398 convertite
1288 1333 1407 1415 vultus

535 1463 641 1546 sitque
665 1480 784 1525 memor
807 1463 909 1526 nostri
933 1479 1042 1542 necne,
1065 1459 1177 1525 referte
1202 1461 1287 1522 mihi.

536 1588 565 1652 ei
599 1588 688 1670 mihi,
720 1607 778 1651 eur
812 1587 966 1650 timeam?
1003 1604 1085 1671 quae
1117 1590 1194 1650 sunt
1233 1584 1408 1667 manifeste,

1263 1713 1408 1795 requiro:

537 1859 595 1903 cur
617 1839 702 1904 labet
726 1838 875 1923 ambiguo
900 1858 971 1922 spes
996 1857 1065 1902 mea
1089 1839 1188 1901 mixta
1212 1838 1323 1901 metu?

537 1966 638 2048 crede,
662 1965 748 2049 quod
771 1971 819 2030 est
843 1969 874 2029 et
897 1966 946 2028 vis
959 1968 990 2045 ¹),
1013 1983 1051 2027 ac
1074 1964 1183 2028 desine
1206 1969 1275 2027 tuta
1299 1963 1409 2042 vereri,
1508 1979 1512 1988 ·

537 2092 641 2176 deque
663 2091 726 2155 fide
749 2096 834 2156 certa
857 2091 898 2155 sit
920 2090 979 2154 tibi
1002 2094 1087 2154 certa
1109 2089 1188 2154 fides

295 2262 1410 2365 nmmummmmmummammum

294 2409 319 2492 I,
352 2411 380 2489 1,
413 2409 550 2472 74-82.
581 2406 663 2471 Sunt
692 2443 732 2452 -
758 2409 795 2468 ut
818 2424 891 2468 oum
917 2403 1068 2468 Cicerone
1091 2403 1205 2487 loquar
1228 2403 1329 2482 (fuse.
1352 2403 1409 2483 IV,

295 2535 324 2617 6,
356 2534 408 2615 14)
439 2571 480 2580 -
511 2533 594 2597 mala
625 2533 760 2615 opinata.
794 2529 940 2612 „Nunc'',
971 2533 1015 2594 ait
1041 2535 1132 2614 poeta
1158 2531 1229 2594 Am.
1252 2530 1278 2612 Ι,
1305 2530 1355 2612 10,
1381 2530 1409 2611 9,

296 2661 410 2742 „timor
444 2662 547 2724 omnis
583 2658 671 2724 abest
695 2659 857 2740 animique
879 2659 1023 2721 resanuit
1046 2655 1164 2722 error.’'
1188 2655 1315 2731 Quibus
1338 2673 1408 2739 per·

293 2787 401 2870 pensis
431 2786 551 2850 retineo
581 2785 680 2848 timor.
704 2785 810 2862 (timor
832 2788 966 2847 eventus
990 2782 1154 2847 deterioris
1177 2781 1212 2845 P.
1236 2781 1278 2864 ΙΙ,
1302 2782 1332 2864 2,
1356 2783 1408 2846 32.

294 2910 741 2993 emmmmm

295 3294 329 3359 P.
342 3295 383 3377 Π,
397 3296 425 3379 7,
440 3297 479 3358 13
493 3294 634 3359 membra
646 3293 852 3358 reformidant
865 3293 991 3358 mollem
1006 3311 1136 3377 quoque
1149 3294 1258 3356 saucia
1270 3297 1408 3355 tactum:

493 3440 641 3506 vanaque
663 3421 808 3484 sollicitis
831 3421 946 3484 incutit
969 3420 1083 3484 umbra
1106 3425 1236 3484 metum.

338 3595 387 3658 Ne
409 3596 518 3658 incitet
540 3596 628 3679 legas
651 3595 806 3678 plurimos
832 3595 956 3659 codices
979 3599 1119 3675 secutae,
1142 3595 1256 3657 iterum
1281 3593 1409 3676 inspici-

294 3722 397 3786 endus
420 3728 468 3785 est
489 3721 744 3785 Tusculanarum
768 3721 1020 3805 disputationum
1045 3719 1127 3784 liber
1149 3721 1270 3783 tertius.
1295 3717 1410 3794 Scribit

294 3846 340 3910 ibi
371 3845 412 3909 Μ.
435 3808 560 3911 Tullius
583 3866 649 3930 cap.
673 3845 739 3908 XI:
768 3845 847 3928 „His
871 3850 978 3910 autem
1002 3843 1305 3929 perturbationibus
1329 3861 1410 3926 quas

299 3972 349 4052 „in
386 3973 450 4036 vita
482 3973 647 4035 hominum
679 3972 814 4035 stultitia
846 3972 939 4054 quasi
962 3971 1116 4053 quasdam
1140 3969 1243 4033 furias
1266 3970 1411 4033 immittit

299 4104 414 4180 „atque
443 4097 564 4178 incitat,
587 4095 737 4160 omnibus
760 4096 884 4159 viribus
907 4102 1003 4180 atque
1027 4096 1141 4179 opibus
1165 4067 1407 4179 repugnandum

329 4363 356 4428 l)
374 4362 465 4416 Senec.
489 4365 537 4431 Ep.
560 4364 602 4426 le,
624 4364 670 4416 13:
694 4379 757 4432 ergo
779 4380 853 4431 spem
872 4380 904 4417 ao
921 4366 1022 4416 metum
1039 4363 1170 4432 examina,
1188 4366 1215 4416 et
1231 4363 1353 4432 quotiens
1369 4364 1410 4415 in-

297 4457 371 4509 eerta
388 4458 467 4508 erunt
484 4455 581 4524 omnia,
598 4455 648 4508 tibi
664 4455 738 4508 lare:
756 4455 842 4524 crede,
859 4455 931 4525 quod
947 4456 1040 4508 mavis.
