3356 5294
876 501 895 561 2

327 711 403 776 bare
423 712 542 776 dixeris
559 713 592 773 in
612 714 754 774 extrema
772 709 978 774 Ponticorum
992 718 1080 794 parte
1093 711 1197 796 (praef.
1211 732 1239 796 p.
1251 711 1367 776 XXIV
1379 716 1439 797 sq.)

328 856 424 920 quam
447 856 514 919 pag.
537 834 638 898 XXII
661 834 715 898 ubi
738 835 817 897 nihil
842 840 946 918 restat,
966 837 1028 906 nisi
1049 842 1083 900 ut
1102 838 1236 922 paginae
1248 837 1438 921 aliquotiens

326 962 487 1046 inaequali
508 980 642 1026 numero
663 960 763 1024 fuisse
782 966 943 1044 putentur.
962 961 1054 1026 Ratio
1075 963 1174 1045 igitur
1197 965 1350 1048 „protegit
1362 965 1439 1029 haec

326 1092 431 1158 sontes
454 1087 692 1171 immeritosque
710 1084 890 1169 premit''1).
912 1086 1024 1171 Aeque
1045 1087 1252 1152 reluctantem
1273 1089 1437 1174 vulgatam

325 1214 488 1297 experitur
507 1211 649 1276 Kornius
672 1210 843 1295 opinans²l
867 1209 1018 1280 Ovidium
1042 1219 1173 1278 netum
1199 1214 1339 1300 quidem,
1362 1235 1437 1280 cum

323 1338 520 1422 gravissimis
543 1338 628 1402 curis
652 1335 985 1420 sollicitudinibusque
1005 1337 1138 1402 obrutus
1158 1344 1249 1421 esset,
1268 1341 1437 1410 recessisse

325 1462 364 1526 ab
394 1463 530 1548 eleganti
560 1468 591 1527 et
620 1462 788 1526 artificiosa
819 1464 997 1526 carminum
1020 1429 1257 1549 compositione,
1282 1486 1378 1550 quam
1401 1467 1435 1529 in

321 1590 495 1654 Amoribus
515 1589 720 1654 observasset.
740 1588 784 1653 At
803 1589 998 1653 novissimus
1018 1592 1195 1654 carminum
1209 1593 1434 1656 amatoriorum

244 1767 251 1780 .
320 1716 421 1780 editor
449 1715 634 1779 Ehwaldius
665 1715 769 1778 solum
801 1714 908 1778 Amor.
942 1713 967 1798 Ι,
996 1714 1014 1776 6
1040 1714 1138 1799 idque
1162 1735 1204 1780 ex
1226 1721 1314 1799 parte
1337 1716 1435 1780 huius

321 1842 543 1906 concinnitatis
567 1840 664 1905 studii
687 1840 805 1903 indicia
828 1859 954 1904 servare
980 1839 1115 1905 affirmat
1126 1841 1161 1925 ³).
1186 1840 1331 1905 Ceterum
1350 1842 1437 1906 idem

320 1968 370 2030 vir
401 1965 513 2030 doctus
545 1965 564 2029 l.
577 1967 596 2029 l.
623 1965 762 2050 graviter
793 1964 986 2049 improbavit
1016 1967 1097 2030 hanc
1127 1985 1306 2050 perversam
1334 1971 1365 2031 et
1387 1967 1437 2031 lu·

321 2093 440 2157 bricam
471 2092 676 2177 computandi
706 2093 867 2156 rationem.
899 2090 966 2156 Sibi
995 2093 1079 2156 enim
1104 2091 1201 2156 verba
1223 2111 1288 2155 non
1310 2111 1345 2157 se
1367 2111 1436 2158 ver-

321 2217 370 2283 bis
399 2218 608 2304 subjungunt,
640 2219 696 2302 qui
726 2217 946 2303 aequabilitati
969 2219 1108 2283 student.
1131 2218 1282 2284 Attamen
1305 2220 1438 2285 rationis

320 2343 501 2408 Kornianae
528 2343 709 2427 exemplum
733 2343 910 2408 describere
933 2342 1020 2409 libet.
1042 2341 1208 2428 Epistulae
1230 2345 1341 2409 tertiae
1363 2344 1437 2409 libri

321 2471 416 2554 primi
439 2470 567 2535 schema
591 2470 652 2533 hoc

567 2678 1198 2765 circesq1.qe.e.o.e.

321 2912 378 2978 pro
406 2893 614 2958 fundamento
641 2891 704 2956 fuit
733 2889 857 2979 Ovidio,
885 2909 958 2954 cum
983 2887 1169 2954 rescriberet
1192 2888 1232 2952 ad
1254 2887 1365 2952 Rufini
1388 2907 1438 2952 so-

322 3018 403 3082 lacia
443 3025 474 3082 et
515 3021 686 3100 praecepta.
726 3013 815 3091 Quae
849 3019 955 3079 autem
991 3014 1198 3078 distichorum
1234 3013 1331 3076 series
1367 3017 1438 3076 tum

323 3145 451 3209 demum
480 3143 624 3225 efficitur,
654 3145 683 3207 si
711 3144 836 3226 spurios
866 3141 965 3206 habes
996 3161 1046 3205 vr.
1077 3138 1208 3204 85—86
1240 3142 1271 3204 et
1295 3138 1359 3202 duo
1382 3157 1438 3203 ex-

322 3271 436 3335 cidisse
467 3269 600 3334 disticha
630 3270 743 3334 statuis
773 3267 911 3353 (Stroph.
942 3289 971 3353 p.
1000 3269 1085 3346 215).
1110 3266 1193 3332 Sunt
1215 3271 1246 3330 et
1270 3265 1332 3329 alia
1355 3284 1437 3349 quae

322 3399 428 3461 minus
450 3397 578 3460 faveant
600 3397 675 3459 huic
699 3414 850 3460 versuum
875 3393 1109 3458 distributioni:
1136 3395 1182 3458 sic
1206 3393 1435 3457 sententiarum

322 3542 427 3588 nexus
460 3522 539 3586 male
567 3523 708 3585 enarrari
741 3521 817 3583 mihi
844 3520 979 3602 videtur,
1003 3539 1077 3582 nam
1102 3516 1256 3601 epistulae
1279 3515 1436 3581 secundae
1515 3597 1521 3610 ι

321 3647 395 3711 libri
426 3647 519 3731 primi
550 3647 712 3726 schema4)
744 3646 896 3709 orationis
927 3644 981 3708 filo
1012 3662 1077 3707 non
1098 3643 1256 3726 convenit,
1280 3645 1437 3726 quantum

331 3835 468 3847 m

355 3965 368 4014 1
398 3961 443 4017 Tr.
459 3961 488 4015 11
513 3965 569 4016 274.

352 3965 381 4117 2}
396 4055 437 4106 De
462 4003 617 4108 Oirminum
640 4054 732 4109 Ovidii
757 4071 792 4107 ex
820 4055 903 4107 Ponto
928 4053 1050 4106 datorum
1075 4052 1270 4122 compositione
1294 4050 1435 4122 strqphioe

319 4133 426 4215 solipsit
442 4146 504 4201 Otto
520 4147 597 4201 Korn
614 4148 678 4201 Mus.
695 4147 780 4199 Rhen.
798 4147 850 4199 rol.
868 4144 961 4198 XXII.
979 4161 1039 4213 pag.
1057 4147 1104 4197 201
1124 4161 1180 4214 sqq.
1201 4144 1263 4212 (Ao.
1284 4145 1370 4198 lech.

355 4240 382 4302 3)
405 4237 476 4290 Prof.
498 4239 547 4290 Dr.
569 4238 687 4306 Ehwald,
711 4237 754 4289 Ad
772 4237 910 4290 historiam
928 4237 1076 4289 carminum
1093 4236 1288 4290 Ovidiancrum
1306 4234 1438 4288 recensio-

322 4344 436 4398 nemque
452 4330 593 4398 symbolae.
611 4346 673 4397 pars
688 4330 725 4383 Il.
743 4329 844 4382 Gothos
868 4331 940 4394 1892,
957 4344 1017 4397 pag.
1034 4331 1064 4381 21
1083 4345 1122 4398 sq.

355 4424 382 4488 4)
399 4420 526 4474 oddo.
545 4422 679 4490 {esen
710 4421 823 4490 teos.
841 4421 956 4488 thil.
976 4419 1009 4473 de
1025 4437 1111 4490 comp.
1128 4421 1229 4490 stroph.
1246 4437 1271 4489 p.
1289 4422 1351 4472 215.
