3356 5294
225 983 269 1052 Ῥ.
293 987 318 1070 Ι,
343 988 373 1069 1,
391 988 432 1051 33
456 1007 530 1052 cum
553 987 633 1051 foret
657 987 784 1052 Aeneae
807 989 914 1052 cervix
940 985 1081 1069 subjecta
1104 986 1236 1069 parenti,

455 1113 572 1177 dicitur
594 1115 663 1197 ipsa
687 1114 755 1177 viro
778 1111 906 1176 flamma
930 1112 1054 1176 dedisse
1078 1113 1179 1174 viam:

454 1240 515 1305 fert
537 1240 619 1304 liber
642 1240 812 1305 Aeneaden
838 1244 869 1303 et
892 1258 956 1302 non
980 1241 1040 1303 iter
1063 1256 1156 1301 omne
1180 1223 1336 1322 patebitl'

454 1371 486 1430 at
508 1368 628 1451 patriae
651 1371 741 1449 pater
764 1366 824 1448 hio,
847 1366 948 1448 ipsius
972 1364 1026 1427 ille
1048 1363 1119 1430 fuit.

276 1590 397 1655 Tuetur
427 1609 603 1674 pronomen
632 1590 731 1674 ipsius
761 1590 851 1654 locus
879 1588 1022 1654 ellastis
1047 1589 1086 1652 de
1109 1608 1193 1652 anno
1217 1588 1348 1671 antiquo
1438 1665 1445 1680 ,

235 1716 343 1780 decem
369 1717 525 1780 mensium

340 1936 367 2019 I,
391 1938 431 1999 37
456 1938 533 2000 haec
555 1937 653 2021 igitur
675 1937 755 2001 vidit
777 1935 910 2001 trabeati
933 1955 1009 1999 cura
1032 1934 1166 2018 Quirini,

455 2082 527 2126 oum
553 2062 687 2126 rudibus
709 2063 837 2146 populis
860 2082 966 2126 annua
984 2064 1057 2144 jura
1080 2061 1176 2124 daret.

384 2251 392 2266 ,
455 2187 566 2252 Martis
585 2191 653 2252 erat
671 2189 793 2272 primus
813 2189 933 2252 mensis
952 2185 1152 2268 Venerisque
1171 2185 1348 2249 secundus:

454 2312 532 2376 haec
553 2314 679 2397 generis
702 2314 858 2397 princepe,
880 2314 983 2396 ipsius
1006 2312 1061 2376 ille
1082 2315 1177 2395 pater.

279 2533 470 2598 Audiendus
500 2539 548 2598 est
570 2533 726 2599 Dinterus
750 2533 868 2599 domm.
892 2533 917 2618 Ι,
941 2555 970 2618 p.
998 2534 1046 2617 13,
1070 2551 1164 2617 quem
1190 2532 1228 2597 de
1250 2532 1349 2616 pluri-

233 2659 295 2725 bus
319 2660 459 2725 eiusdem
483 2662 610 2744 generis
633 2657 877 2744 pronominibus
902 2661 972 2739 (hio.
995 2660 1056 2723 ille.
1079 2661 1159 2744 ipse)
1181 2659 1214 2722 in
1239 2658 1349 2723 eodem

232 2788 405 2851 enunciato
428 2787 541 2870 positis
560 2789 626 2870 J'am
651 2787 830 2872 disputasse
853 2786 953 2852 video.

279 3178 314 3243 P.
339 3179 364 3262 Ι,
390 3179 572 3260 1,37-48

281 3304 358 3388 Agit
381 3311 471 3388 poeta
494 3305 533 3370 de
555 3304 741 3370 liberalitate
763 3323 838 3388 erga
858 3305 1035 3370 sacerdotes
1055 3307 1272 3370 vaticinantes.
1291 3303 1351 3368 Isi-

237 3428 295 3511 dis,
327 3428 460 3524 Magnae
491 3429 611 3512 Matris,
637 3428 757 3522 Dianae
779 3429 907 3494 famulis
931 3431 1028 3513 stipes
1052 3434 1084 3493 et
1107 3429 1188 3492 dona
1210 3429 1351 3513 largiun-

237 3558 290 3618 tur
320 3555 450 3639 erednli,
480 3575 544 3639 quo
575 3553 694 3618 deabus
720 3556 798 3639 ipsis
822 3557 884 3634 (43.
908 3557 962 3636 48)
985 3555 1118 3638 gratiam
1142 3553 1277 3617 referant
1299 3553 1350 3618 vel

234 3681 445 3744 reverentiam
475 3685 640 3744 testentur.
669 3678 749 3744 inde
778 3677 914 3743 Ovidius
945 3684 1042 3761 vates,
1074 3681 1166 3742 cuius
1189 3680 1350 3763 praesagia

236 3804 334 3870 habes
357 3804 394 3871 P.
417 3804 459 3887 H,
485 3805 512 3886 l,
537 3806 586 3868 55.
609 3803 667 3887 ΙΙΙ,
691 3806 721 3885 4,
745 3805 905 3888 89-114,
927 3804 1082 3868 lectorum
1100 3803 1350 3869 benevolentiam

235 3931 297 3996 sibi
330 3931 480 4005 vindicat.
515 3931 574 3995 Est
608 3949 659 3995 res
693 3931 859 3995 notissima
888 3930 1007 3995 Isiacos
1039 3929 1211 4013 Gallosque
1236 3933 1349 4014 stipem

236 4073 347 4139 cogere
377 4056 487 4120 solitos
518 4076 595 4121 esse.
625 4056 727 4120 lidem
758 4056 980 4139 praedicebant
1008 4056 1126 4122 futura.
1150 4055 1350 4138 Oonjeotores

237 4179 355 4245 Isiacos
390 4187 614 4247 commemorat
648 4181 713 4248 Cio.
748 4183 787 4246 de
822 4183 884 4246 div.
914 4183 940 4265 I,
975 4186 1026 4266 58,
1052 4183 1122 4245 lae.
1145 4181 1193 4263 (of.
1217 4181 1247 4246 J.
1270 4181 1352 4245 Mar·

237 4307 353 4390 quardt
374 4307 552 4374 ‚R'omische
587 4307 901 4392 Staatsverwaltung,
934 4307 992 4390 ΙΙΙ,
1030 4310 1080 4391 98,
1112 4309 1158 4388 1);
1191 4308 1229 4372 de
1254 4307 1352 4372 Gallis

237 4433 359 4517 inspice
389 4433 473 4498 Plut
506 4435 544 4498 de
574 4433 666 4515 Pyth.
698 4453 778 4498 orac.
809 4454 874 4519 cap.
901 4436 951 4497 25.
983 4433 1051 4498 Iuv.
1081 4433 1139 4517 VI,
1168 4435 1241 4498 517.
1271 4433 1353 4497 Mar·
