3356 5294
770 633 773 638 Ι
834 551 875 613 50

287 764 419 829 deamus
453 764 597 826 eedieum
635 765 817 846 scripturas.
849 762 952 845 Supra
986 762 1057 826 dedi
1081 781 1127 839 ee,
1152 780 1235 845 quae
1259 762 1411 844 leguntur
1457 763 1463 778 '

288 890 322 951 in
343 887 433 954 eodd.
447 887 702 953 Monacensibus.
716 887 834 952 Eadem
847 887 913 951 fere
922 886 1050 970 praebet
1059 887 1128 950 eod.
1137 886 1411 970 Hamburgensis:

452 1065 582 1144 thyrsus
607 1063 780 1128 sublestate
803 1067 930 1146 gustata
953 1068 1001 1127 est
1024 1063 1134 1126 laurea
1156 1061 1249 1124 nobis

297 1237 426 1301 Lacuna
449 1239 576 1302 videtur
597 1238 697 1302 fuisse
719 1241 754 1300 in
777 1238 921 1301 omnium
947 1237 1036 1302 codd.
1062 1236 1232 1319 exemplis:
1352 1219 1354 1226 ¹

447 1411 623 1493 thyrsusub
670 1461 677 1476 .
724 1462 732 1477 .
780 1461 787 1478 .
833 1433 863 1496 g.
999 1430 1025 1476 e.
1095 1411 1116 1476 l.
1246 1429 1278 1474 n.

298 1590 384 1652 unde
405 1589 579 1652 lectionum
604 1591 739 1652 varietas
764 1594 839 1652 orta.
863 1587 959 1652 Nune
981 1588 1059 1650 audi
1083 1587 1169 1650 vires
1192 1586 1312 1650 doetus.

339 1713 468 1798 Legunt
490 1715 578 1777 uobis
602 1763 609 1779 .
635 1763 642 1780 .
668 1764 676 1780 .
699 1713 782 1777 vobis
801 1713 998 1796 Verpoerten
1019 1714 1063 1793 (in
1077 1712 1123 1776 ed.
1135 1710 1274 1775 Harlesii
1287 1709 1413 1788 XXVI)
1523 1701 1525 1705 ’

294 1846 325 1905 et
356 1841 572 1906 Burmannus.
604 1839 760 1904 Heinsius
792 1844 896 1904 autem
921 1841 1038 1923 carpsit
1061 1837 1245 1916 renodantur
1269 1839 1355 1901 illam
1380 1840 1413 1901 in

294 1968 396 2052 nobis,
425 1968 526 2051 vebis,
551 1966 717 2033 ambobus.
742 1965 903 2050 Madvigie
927 1967 1060 2048 plaeuit:

461 2142 592 2222 thyrsus
615 2141 722 2224 pulsat
743 2160 803 2222 me,
825 2145 953 2224 gustata
975 2145 1023 2204 est
1045 2141 1154 2204 laurea
1177 2140 1276 2203 vobis,

298 2316 433 2401 Deinde,
458 2336 499 2382 ex
522 2336 585 2401 qno
608 2315 833 2380 Rothmalerus
856 2317 1007 2398 eenjeeit:

438 2576 439 2580 Ἰ
597 2494 730 2574 thyrsus
742 2493 906 2558 abestate
917 2497 1046 2577 gustata
1058 2496 1089 2556 et
1100 2493 1209 2556 laurea
1220 2491 1312 2556 nobis

296 2621 461 2704 proposuit
471 2618 584 2683 Riese:
657 2668 672 2700 „
789 2667 804 2700 „
844 2667 900 2700 Μ
919 2623 1040 2702 gestata
1066 2667 1081 2700 ‚,
1148 2667 1163 2700 „
1258 2666 1273 2700 „

393 2743 584 2827 Guethling:
656 2792 671 2825 „
789 2792 804 2825 „
844 2781 864 2825 ‚,-
885 2792 900 2825 „
918 2749 1045 2828 gustata
1058 2749 1106 2808 est
1149 2793 1163 2825 „
1259 2792 1274 2825 „

407 2871 582 2954 Bergkius:
654 2919 669 2952 „
787 2917 802 2951 e
843 2918 899 2952 „„
914 2873 1053 2955 negitata
1068 2919 1083 2952 s
1149 2919 1165 2952 ῃ
1260 2918 1275 2951 n

341 3047 385 3110 At
416 3048 519 3110 aliena
550 3048 705 3140 sententia
737 3051 800 3110 est:
833 3050 870 3109 tu
892 3052 985 3130 poeta
1008 3067 1073 3110 non
1097 3066 1141 3132 es,
1166 3047 1219 3128 (et)
1245 3066 1303 3132 ego
1329 3067 1413 3111 sum.

251 3259 252 3262 Ἴ
298 3171 343 3236 Ut
366 3191 440 3256 erge
463 3179 665 3256 opponantur
687 3174 771 3236 inter
794 3190 828 3236 se
852 3178 958 3236 orator
980 3177 1012 3236 et
1034 3177 1126 3257 poeta
1151 3177 1190 3252 (v.
1216 3172 1268 3250 69)
1281 3172 1415 3236 fortasse

299 3297 521 3362 scribendum:
545 3297 676 3378 thyrsus
700 3301 736 3361 ut
760 3303 808 3362 est
831 3300 907 3382 vati,
929 3303 1051 3381 gestata
1074 3304 1122 3361 est
1145 3297 1254 3361 laurea
1277 3295 1377 3360 vobis.

300 3692 337 3757 P.
361 3692 403 3777 ΙΙ,
429 3693 460 3777 6,
484 3695 525 3756 23
550 3699 643 3777 turpe
668 3696 760 3778 sequi
782 3715 893 3759 nasum
917 3700 948 3759 et
970 3695 1117 3759 fortunae
1140 3694 1250 3759 cedere
1266 3696 1415 3776 amicum,

550 3824 582 3883 et
604 3821 667 3884 nisi
691 3822 732 3884 sit
754 3821 841 3904 felin,
865 3841 935 3886 esse
959 3841 1075 3906 negare
1098 3842 1205 3888 suum.

344 3993 392 4058 Ita
415 3995 583 4058 ediderunt
606 3993 700 4058 Riese
724 4000 755 4059 et
779 3995 961 4080 Guethling.
985 3997 1110 4062 Versus
1132 3996 1267 4062 Heinsio
1289 4017 1417 4083 suspee-

300 4125 349 4183 tos
372 4122 531 4184 eiecerunt
555 4119 702 4203 Bentleya
722 4119 821 4202 Korn,
841 4120 985 4186 Mer-keu.
1005 4161 1040 4168 -
1054 4121 1309 4207 Comparaverim
1322 4130 1416 4189 eerte.

302 4293 338 4357 P.
360 4293 403 4376 ΙΙ,
426 4295 455 4378 3,
481 4295 520 4356 37
546 4299 638 4376 turpe
661 4300 754 4376 putas
778 4293 872 4378 abigi,
897 4297 973 4379 quia
993 4299 1034 4360 sit
1054 4298 1415 4382 miserandus,amieum

547 4422 697 4505 quodque
720 4422 761 4484 sit
784 4423 907 4506 infelix,
932 4423 1076 4486 desinere
1099 4442 1169 4487 esse
1191 4431 1284 4487 tuum
