3356 5294
787 553 926 615 27.

297 765 500 849 Adjeotirum
523 764 647 830 sinister
670 784 734 829 non
759 764 909 830 translate
920 769 943 846 1)
967 782 1038 830 osse
1057 762 1276 849 accipiendum
1290 781 1364 826 con·
1403 822 1405 828 ,

250 891 368 956 oedunt
400 893 597 976 interpretes.
632 890 784 956 Owenius
818 897 925 955 eutem
949 895 1068 975 portem
1093 871 1319 955 occidentalem
1332 889 1364 971 2),

250 1018 526 1101 septentrionalem
550 1022 660 1081 nostro
683 1017 754 1081 loeo
777 1015 956 1096 Keeuius³t
978 1016 1135 1100 intelligit.

266 1117 270 1122 ⁵
292 1142 354 1209 His
377 1145 544 1229 explicetis
567 1144 744 1229 respondeo
765 1143 888 1208 Kornio
909 1142 1046 1227 (Stroph.
1057 1163 1086 1227 p.
1100 1143 1175 1225 805)
1189 1141 1366 1225 simplicem

249 1271 401 1346 orationis
424 1289 627 1355 progressum
652 1288 717 1333 non
737 1270 839 1353 magis
858 1269 1049 1353 interrumpi
1061 1289 1111 1332 vr.
1124 1267 1254 1331 31-32
1268 1285 1363 1351 quam

248 1395 297 1458 Tr.
331 1393 357 1477 Ι,
393 1397 422 1476 5,
456 1395 597 1476 59-63,
631 1413 714 1479 quae
745 1394 883 1477 epistula
914 1398 1041 1457 nostroe
1071 1392 1240 1457 simillima.
1264 1390 1366 1454 Movit

250 1520 364 1584 deinde
398 1519 616 1585 difficultatem
651 1518 825 1584 Merkelius
858 1517 954 1602 praef.
986 1516 1079 1582 XXI.
1106 1517 1164 1600 „In
1188 1515 1365 1602 proximis''

250 1646 295 1709 eit
328 1644 387 1726 „de
417 1646 619 1730 navigatione
641 1648 751 1729 poetae
775 1644 892 1708 dieitur
916 1663 1013 1728 quom
1036 1645 1070 1706 in
1094 1641 1232 1706 Pontum
1257 1644 1364 1726 ipsum

250 1771 371 1835 nullam
394 1763 497 1836 feeit.”
522 1770 596 1854 Our,
618 1790 705 1855 rogo,
727 1771 811 1835 idem
834 1770 937 1834 editor
959 1789 1024 1834 non
1047 1770 1232 1854 proscripsit

249 1954 297 2020 Tr.
310 1909 349 2039 V,
362 1959 390 2040 8,
404 1957 442 2019 61
470 1976 546 2020 arra
567 1956 743 2040 relegatum
766 1955 890 2020 iussisti
911 1955 1015 2021 risere
1037 1953 1134 2019 Ponti

471 2087 502 2146 et
524 2081 710 2163 Scythicum
734 2081 869 2166 profuge
892 2081 1038 2146 scindere
1061 2099 1166 2165 puppe
1189 2080 1330 2144 fretum?

295 2279 517 2362 Praojudioata
545 2281 661 2364 opinio,
685 2284 771 2364 puto,
793 2278 937 2344 fraudem
960 2278 1036 2343 feeit
1059 2277 1210 2343 Merkelm
1234 2297 1293 2342 neo
1315 2280 1366 2341 in-

250 2410 339 2490 tegro
368 2404 490 2470 Kornio
509 2405 675 2489 judicandi
698 2411 838 2489 potestas
861 2403 1152 2489 computationibus
1175 2401 1288 2468 dedito.
1313 2401 1365 2467 Me

250 2532 360 2596 saltem
393 2553 421 2632 v:
454 2533 493 2596 31
523 2532 701 2617 corruptela
725 2552 789 2596 non
813 2537 921 2596 movet
945 2536 981 2596 ut
1003 2536 1104 2620 totum
1131 2529 1287 2594 distichon
1310 2547 1365 2594 eos

250 2664 380 2722 secutus
402 2657 559 2723 damnem.

249 3037 284 3100 P.
305 3036 332 3119 Ι,
350 3041 381 3120 4,
400 3039 441 3100 41
466 3043 498 3103 to
519 3057 659 3123 quoque,
678 3058 774 3122 quem
790 3039 942 3121 juvenem
964 3037 1130 3102 discedens
1141 3035 1229 3102 Urbe
1240 3037 1365 3121 reliqui,

470 3162 622 3228 credibile
645 3167 693 3227 est
716 3165 834 3228 nostris
856 3164 1038 3229 insenuisse
1049 3162 1073 3244 ⁴)
1096 3162 1197 3226 malis.
1241 3175 1244 3182 ’

252 3327 396 3338 -——-

286 3436 312 3498 1)
330 3433 377 3485 Est
399 3434 579 3488 oontroversiu
599 3434 632 3488 de
646 3435 690 3487 Tr.
708 3437 730 3497 Ι,
747 3439 772 3504 8,
788 3439 827 3490 39,
845 3437 879 3488 Η.
897 3435 1001 3497 Sohulr,
1018 3436 1124 3499 Qusoet.
1142 3433 1220 3489 Ovid.
1238 3435 1365 3503 Gryphis·

252 3522 370 3576 wsldiee.
389 3527 461 3578 1883.
480 3541 539 3594 pag.
558 3529 582 3579 8.
600 3525 631 3579 (t.
650 3525 836 3594 Wartenborg,
854 3526 960 3589 Quaest.
978 3525 1056 3579 Orid.
1073 3524 1196 3578 Berolini.
1209 3528 1281 3578 1884.
1290 3541 1316 3593 p.
1325 3528 1365 3578 32.

249 3614 368 3683 Ehwald,
385 3614 511 3669 Bursioni
528 3620 605 3670 nunt.
622 3618 711 3670 snnnl.
730 3616 832 3685 XLIII,
849 3634 874 3685 p.
893 3620 948 3669 133.

283 3707 309 3772 2)
325 3707 369 3758 Ad
386 3707 431 3759 Tr.
447 3710 468 3769 Ι,
484 3709 507 3776 2,
526 3711 558 3761 83
575 3708 604 3760 in
622 3708 663 3762 ed.
680 3708 745 3761 min.
763 3711 790 3760 et
805 3709 835 3759 in
850 3709 884 3761 od
900 3709 1000 3762 meiere
1014 3710 1053 3773 (P.
1070 3709 1152 3764 Ovidi
1170 3710 1285 3763 Nasonis
1293 3711 1365 3763 Tris·

248 3797 316 3850 tium
332 3798 411 3851 Libri
426 3799 460 3852 V.
477 3800 611 3852 reosnsuit
627 3800 653 3854 S.
671 3800 702 3853 G.
721 3800 812 3854 Owen.
830 3800 938 3868 Oxonii‚
955 3803 1036 3865 1839).

281 3892 306 3952 3)
325 3890 353 3943 (l.
372 3891 406 3943 H.
423 3890 524 3953 Keene,
541 3891 634 3946 Ovidii
650 3892 717 3960 Epp.
736 3908 769 3944 ex
786 3892 872 3944 Ponto
890 3892 959 3944 liber
975 3893 1084 3960 primus.
1098 3891 1177 3945 With
1184 3892 1366 3947 introduotion

248 3979 302 4033 end
326 3985 409 4036 notes.
434 3982 554 4050 London,
581 3986 653 4037 1831.
682 3985 806 4039 Ceterum
825 3983 899 4036 >rexit
915 3984 945 4036 in
961 3984 1111 4037 inmensum
1127 3983 1241 4036 seeundo
1256 3985 1367 4038 lioentio

135 4107 139 4116 ·
250 4076 349 4135 vatum,
376 4075 476 4143 obliget
501 4075 628 4129 historioo
652 4091 701 4130 neo
726 4093 774 4131 sus
799 4077 882 4130 verbs
898 4077 967 4130 fids'’
984 4076 1077 4129 Amor.
1094 4077 1145 4141 ΙΙΙ,
1164 4078 1204 4143 12,
1220 4078 1250 4127 41
1270 4091 1308 4145 sq.
1326 4079 1365 4130 19.

249 4163 321 4216 Vero
345 4167 385 4216 est
409 4164 524 4219 Seneoos
549 4167 699 4220 observatio
725 4167 770 4236 (de
786 4167 873 4220 benef.
891 4169 955 4235 Ι,,3,
973 4169 1023 4232 10).
1042 4166 1085 4220 Sio
1103 4166 1224 4220 laudator
1240 4168 1365 4221 Messalas

250 4252 320 4318 (Tib.
342 4254 392 4320 IV,
409 4259 434 4320 1)
452 4256 546 4309 soribit
563 4274 589 4325 v,
607 4261 654 4310 116
673 4274 794 4327 »qunque
811 4259 918 4310 Hebrus
935 4258 1084 4327 Tanaisque
1102 4257 1182 4311 Getes
1197 4257 1268 4326 riget
1285 4262 1365 4328 atque

248 4343 402 4412 Magynos?
420 4347 453 4400 ol'.
470 4347 573 4416 Florus,
590 4347 612 4415 1,
630 4351 671 4417 39,
685 4352 708 4402 3.

283 4434 310 4502 4)
328 4433 392 4488 Her.
409 4436 431 4498 Ι,
449 4439 497 4490 115
513 4453 552 4506 sq.
