3356 5294
818 553 860 616 54

323 785 381 830 nos
404 783 533 848 quoque
557 767 670 845 vestra,
690 765 790 845 juvet,
815 763 911 847 quod,
936 783 1001 846 qua
1024 763 1107 844 licet,
1130 782 1186 826 ora
1213 762 1377 827 videmus:

322 894 437 956 intrata
460 895 508 955 cst
531 891 655 973 superis
680 889 766 973 quod
789 889 903 954 domus
926 910 991 954 una
1014 890 1127 955 tribus.

322 1119 366 1181 At
398 1117 665 1202 quemadmodum
698 1119 845 1200 princeps
876 1135 1026 1199 praesens
1051 1120 1183 1179 mortem
1209 1117 1403 1200 deprecanti·

281 1243 342 1307 bus
367 1244 488 1324 adnuit,
512 1244 557 1306 sic
579 1247 669 1325 grata
693 1240 807 1304 Ovidio
828 1240 998 1306 Caesarum
1019 1243 1206 1324 praesentia,
1228 1243 1403 1324 quosvotis

281 1371 349 1435 suis
392 1369 457 1453 (23.
493 1370 631 1432 35-38.
668 1369 710 1430 43
735 1367 797 1450 eq.)
826 1371 908 1431 nutu
931 1386 1001 1432 esse
1023 1366 1168 1430 fauturos
1191 1368 1254 1448 (51.
1278 1367 1319 1430 73
1343 1369 1402 1451 sq.)

280 1497 376 1579 cupit.
412 1494 475 1570 Qui
506 1495 604 1577 igitur
628 1492 815 1557 vulneribus
840 1492 974 1556 confecti
998 1493 1073 1556 olim
1099 1492 1265 1556 mittebant
1288 1489 1328 1555 ad
1352 1494 1402 1556 do-

281 1623 393 1704 minos,
427 1622 484 1704 qui
516 1625 713 1704 quaererent,
741 1620 820 1703 quid
844 1620 962 1683 vellent
986 1619 1062 1701 (Cic.
1085 1620 1176 1684 Taso.
1199 1619 1241 1701 Π,
1267 1621 1318 1702 11,
1340 1620 1406 1701 41),

280 1747 433 1830 populum
465 1750 608 1810 11111111
638 1747 756 1809 harena
787 1745 963 1809 exorabant
987 1744 1076 1823 (Hor.
1098 1745 1156 1829 Ep.
1177 1745 1203 1825 Ι,
1229 1746 1258 1823 1,
1282 1745 1324 1827 6),
1348 1745 1404 1810 ubi

280 1872 365 1954 apud
408 1873 491 1956 Aug.
533 1871 713 1966 arbitrium,
757 1873 854 1936 huius
896 1870 1031 1935 frontem
1072 1877 1212 1937 tentasse
1246 1874 1325 1935 mihi
1358 1873 1404 1935 vi·

280 1998 405 2080 dentur,
440 2003 476 2062 ut
510 1999 604 2063 hodie
638 1999 790 2074 nonnisi
813 2017 887 2082 rege
909 2000 961 2062 vel
984 2000 1094 2082 regina
1118 2005 1291 2086 praecunte
1314 2000 1403 2083 plau·
1500 1999 1502 2006 ’

280 2125 362 2188 dunt
396 2128 597 2208 spectatores.
630 2123 714 2187 Nota
749 2142 878 2207 qnoque
913 2122 1009 2188 verba
1044 2123 1169 2187 uidendi
1198 2124 1241 2208 (9.
1276 2125 1403 2190 13.19.

281 2252 331 2314 55.
357 2251 421 2335 58).
445 2249 517 2314 Non
542 2249 652 2314 dubito
677 2269 751 2332 ergo
776 2252 855 2333 quin
879 2255 963 2315 recto
988 2249 1144 2314 scribatur

460 2472 604 2538 Caesaris
627 2473 668 2537 ad
691 2480 805 2537 nutum
832 2479 901 2538 tuta
924 2474 1080 2558 gladiator
1103 2475 1221 2539 harena

460 2599 527 2661 exit
550 2602 580 2661 et
603 2597 761 2661 auxilium
786 2617 850 2660 non
874 2598 943 2662 love
967 2600 1077 2663 vultus
1101 2599 1204 2664 habet.

283 3065 318 3129 P.
331 3066 389 3150 111,
402 3069 432 3150 2,
447 3069 575 3131 15-22
597 3086 648 3131 mc
668 3087 798 3152 quoque
814 3069 988 3132 amicorum
1002 3071 1102 3132 nimio
1114 3075 1233 3135 terrore
1245 3077 1406 3154 metuque,

593 3215 657 3257 non
683 3194 763 3276 odio,
787 3195 915 3278 quidam
941 3195 1113 3259 destituere
1137 3197 1206 3260 mei.

592 3340 655 3384 non
681 3321 745 3385 illis
769 3321 880 3404 pictas,
903 3341 968 3384 non
993 3321 1134 3386 officiosa
1157 3323 1304 3387 voluntas

594 3446 711 3510 defuit:
736 3447 887 3510 adversos
911 3441 1088 3512 extimuere
1112 3450 1198 3514 deos.
1240 3429 1244 3439 ¹

596 3578 694 3656 utque
718 3574 819 3656 magis
843 3579 927 3637 cauti
948 3581 1083 3656 possunt
1102 3575 1271 3660 timidique
1293 3577 1403 3658 videri,

470 3693 474 3702 '
528 3698 570 3760 20
596 3699 641 3761 111
664 3696 816 3780 adpellari
841 3717 903 3761 non
930 3717 1074 3764 meruere
1099 3701 1184 3764 mali.

593 3816 625 3876 at
649 3832 739 3877 meus
763 3817 896 3877 excusat
919 3833 1009 3877 caros
1032 3816 1076 3878 ita
1099 3817 1217 3878 candor
1239 3818 1367 3900 amicos,

596 3943 697 4021 utque
720 3939 856 4003 habeant
879 3939 918 4002 dc
942 3959 993 4004 me
1017 3942 1152 4006 crimina
1175 3943 1264 4008 nulla
1286 3943 1381 4010 favet.

331 4163 471 4246 „Versus
506 4164 634 4226 19-22
666 4165 723 4226 vix
754 4169 837 4228 11111
869 4184 903 4229 11
927 4165 1065 4230 habent''
1089 4168 1132 4231 ait
1154 4167 1314 4250 Kornius3
1338 4169 1404 4249 „in-

283 4289 446 4353 tercidisse
480 4289 629 4352 videntur
663 4289 847 4354 nonnulla.'’
882 4290 1055 4355 Merkelius
1091 4292 1246 4356 distichon
1275 4294 1402 4357 19-20

283 4416 409 4479 uncinis
442 4415 581 4478 inclusit.
616 4413 654 4477 K.
690 4414 808 4496 PeterS,
843 4422 878 4478 ut
910 4416 987 4479 mihi
1010 4423 1121 4481 auctor
1144 4424 1191 4482 est
1214 4418 1400 4484 Ehwaldius
