3356 5294
874 591 916 654 38

338 803 563 889 quemperfeeti
586 803 809 885 conjunctivus
820 803 852 882 1).
874 800 955 866 Inde
977 803 1034 885 qui
1053 799 1227 864 contuderit
1238 801 1321 865 tueri
1332 799 1450 884 volent,

336 930 510 1013 perfeetum
534 926 836 1013 plusquamperfeoti
860 928 926 991 vim
948 925 1064 991 habere
1083 924 1275 1008 judicabunt

336 1115 463 1182 Metam.
488 1114 548 1198 XI,
573 1115 633 1180 739
657 1115 792 1179 senserit
810 1114 870 1177 hoo
890 1112 987 1195 Ceyx,
998 1132 1038 1177 an
1052 1111 1179 1177 vultum
1191 1111 1331 1176 motibus
1343 1111 1448 1176 undae

539 1255 541 1259 ’
653 1240 764 1304 tollere
787 1240 827 1304 sit
849 1241 950 1316 visus,
971 1238 1109 1322 populus
1134 1237 1297 1303 dubitabat
1310 1237 1351 1319 ⁹):

381 1425 451 1490 Tae.
484 1426 587 1490 annal.
617 1424 659 1507 ΙΙ,
692 1425 730 1486 15
758 1426 834 1506 „hos
857 1445 927 1490 esse
950 1423 1109 1490 Romanos
1132 1425 1265 1489 'Variani
1288 1425 1447 1489 exereitus

336 1538 566 1635 fugacissimos,
590 1553 646 1635 qui
668 1570 709 1615 ne
729 1551 847 1616 bellurn
859 1551 1042 1634 tolerarent,
1055 1551 1241 1616 seditionem
1254 1548 1447 1614 induerint.”

337 1675 582 1760 Oonjnnotivum
612 1676 697 1760 apud
724 1675 874 1740 Otidium
898 1675 1028 1740 obvium
1053 1695 1122 1740 esse
1147 1682 1219 1760 post
1244 1675 1388 1739 futurum
1412 1675 1446 1737 in

235 1861 237 1866 .
335 1802 413 1867 loeis
437 1801 469 1864 ἐκ
490 1804 541 1865 τοῦ
564 1799 708 1866 ἀδυνάτου
731 1803 788 1885 qui
810 1806 966 1865 vocantur
988 1801 1044 1880 (lb.
1069 1803 1120 1878 39,
1148 1803 1209 1865 133
1235 1801 1308 1882 (41).
1330 1798 1366 1863 P.
1379 1798 1404 1882 1,
1417 1799 1446 1882 6,
1505 1861 1511 1872 ,

337 1930 388 1991 53.
410 1927 453 2010 Π,
476 1929 526 2010 11,
550 1927 578 1991 6.
605 1929 633 1991 8.
656 1927 713 2011 IV,
738 1927 767 2010 6,
792 1927 929 2005 estnon
951 1928 1120 2008 miramur3
1134 1926 1329 1990 indicativus
1341 1924 1446 2008 sequi·

336 2059 389 2118 tur
421 2044 469 2117 Tr.
503 2053 559 2135 IV,
589 2054 618 2136 6,
648 2054 764 2117 37-8.
796 2051 961 2137 Quidquid
987 2055 1020 2117 id
1044 2058 1100 2136 est,
1124 2072 1254 2117 versum
1279 2056 1350 2135 apte
1373 2069 1447 2114 oon·

337 2181 514 2244 venientem
544 2180 720 2244 sententiae
751 2179 879 2262 rejicere
909 2199 973 2243 non
997 2181 1099 2244 ausim
1114 2179 1145 2260 ³).
1170 2156 1317 2242 Alterum
1340 2181 1446 2240 autem

335 2324 464 2369 versum
485 2305 636 2368 miserum
657 2305 914 2388 supplementum
935 2323 1004 2369 esse
1022 2304 1189 2370 Merkelio⁹
1208 2303 1304 2388 praef.
1323 2301 1391 2366 XX
1409 2291 1447 2364 li-

336 2428 448 2494 benter
477 2429 623 2493 concedo.
653 2427 800 2493 haounae
826 2430 1002 2534 explepdae
1024 2431 1130 2494 studio
1154 2431 1308 2513 originem
1334 2427 1448 2492 debere

336 2555 464 2619 videtur
485 2553 606 2618 Kornio
630 2554 738 2638 (paaef.
762 2553 864 2635 XIII).
887 2553 961 2638 Ipsa
985 2554 1081 2620 verba
1099 2554 1262 2620 falsarium
1275 2553 1412 2637 produnt
1423 2555 1447 2634 ⁴)

337 2699 395 2745 neo
437 2678 632 2776 Odrysarum
666 2699 772 2764 regem
805 2679 913 2745 Sullae
947 2699 1034 2746 more
1048 2679 1070 2761 ⁵)
1104 2681 1237 2745 modum
1271 2680 1447 2744 excessisse

336 2807 530 2889 putaverim
553 2804 661 2869 laudat
685 2806 768 2868 enirn
793 2803 927 2870 Ovidius
947 2825 1005 2870 nec
1024 2807 1233 2891 reprehendit
1255 2803 1338 2869 Male
1349 2805 1448 2888 igitur

369 3100 396 3164 Ι)
414 3117 436 3153 e.
445 3116 470 3168 g.
496 3100 602 3153 Sueton.
630 3101 722 3155 Claud.
740 3105 752 3152 1
772 3102 934 3153 hostem...
956 3117 1010 3154 non
1029 3101 1103 3168 prius
1121 3100 1222 3152 destitit
1238 3099 1351 3169 insequi,
1368 3116 1448 3168 quam

336 3191 436 3259 speeies
463 3192 589 3244 barbarae
614 3192 742 3258 mulieris,
763 3193 880 3244 humana
897 3193 1018 3260 amplior,
1035 3192 1162 3246 vietorem
1180 3191 1289 3244 tendere
1306 3192 1377 3244 ultra
1394 3207 1448 3244 ser·

338 3298 416 3334 mone
432 3282 527 3335 Latino
547 3281 731 3350 prohibuisset.

370 3375 400 3438 2)
414 3372 490 3424 Pont.
507 3376 552 3434 ΙΙΙ,
569 3376 593 3435 2,
609 3377 641 3426 87
659 3373 749 3426 extitit
764 3374 814 3426 hoo
830 3390 914 3426 unum
934 3390 986 3443 quo
1003 3391 1057 3425 non
1074 3374 1229 3426 eonvenerit
1244 3373 1306 3434 illis,

657 3468 744 3518 oetera
761 3481 822 3533 pars
839 3481 946 3519 oonoors
962 3447 990 3518 et
1006 3465 1063 3517 sine
1080 3465 1127 3516 lite
1144 3465 1204 3517 fuit.

369 3559 396 3620 3)
413 3555 531 3608 Kornius
554 3555 632 3623 praef
654 3555 708 3608 XV
724 3558 850 3608 neutrum
866 3555 1013 3624 genuinum
1030 3555 1117 3616 habet,
1136 3571 1296 3625 quamquam
1313 3559 1448 3624 pentame-

336 3648 407 3698 trum
423 3646 522 3699 oodiois
538 3650 554 3706 β
572 3646 651 3714 longe
667 3647 797 3714 aptiorem
815 3646 895 3698 duoit.

368 3737 395 3802 4)
419 3738 449 3788 ln
466 3737 645 3789 additamento
661 3736 717 3789 ood.
733 3737 830 3788 Mureti
846 3737 889 3803 (n)
908 3740 967 3804 post
984 3736 1006 3804 1,
1022 3739 1047 3797 8,
1064 3739 1096 3789 60
1114 3739 1229 3790 nimium
1246 3738 1367 3791 ooourrit.
1383 3739 1448 3802 Qui·

336 3827 386 3879 bus
409 3827 572 3894 temporibus
596 3828 625 3879 in
649 3845 700 3880 usu
724 3827 826 3881 fuerint
851 3829 968 3897 quidque
985 3828 1161 3896 signifioarint
1178 3831 1307 3883 voeabula
1323 3832 1405 3884 nimis
1422 3834 1448 3883 et

336 3919 437 3970 nimius
453 3918 529 3971 dooet
544 3919 679 3970 Baehrens
695 3918 730 3970 ad
747 3919 842 3972 Catuli.
859 3918 960 3986 LXIV,
977 3921 1017 3971 22.

369 4012 395 4073 b)
413 4010 512 4063 Lnoan.
530 4012 562 4078 ΙΙ,
579 4010 627 4063 139
645 4009 719 4090 ΒυΙΙα
736 4027 840 4079 quoque
855 4010 983 4063 inmensis
1000 4012 1110 4064 aooessit
1128 4013 1248 4066 cladibus
1264 4013 1342 4065 ultor.

642 4101 688 4153 ille
705 4102 776 4170 quod
794 4102 921 4170 exiguum
939 4103 1055 4155 restabat
1073 4103 1209 4171 sanguinis
1226 4104 1288 4156 urbi

640 4193 743 4254 heusit3
762 4193 878 4261 dumque
894 4193 974 4246 nimis
990 4194 1044 4246 ism
1061 4194 1151 4261 putria
1168 4195 1288 4248 membra
1304 4196 1406 4262 residit,
1474 4229 1478 4240 ·

644 4284 757 4336 exoessit
773 4284 906 4337 medioine
922 4285 1030 4336 modum
1044 4286 1212 4355 nimiumque
1229 4289 1319 4340 seonte
1335 4291 1382 4349 est,

642 4391 694 4443 qua
711 4376 797 4428 morbi
815 4375 923 4443 duxere,
940 4391 1040 4428 manus.
1061 4377 1168 4429 Periere
1184 4382 1316 4447 noeentes‚

639 4465 686 4517 sed
702 4481 763 4518 oum
777 4465 834 4533 jem
852 4466 902 4518 soli
918 4469 1025 4532 possent
1042 4483 1177 4535 superesse
1193 4472 1325 4522 rodentes
