<?xml version="1.0" encoding="UTF-8"?>
<!DOCTYPE html PUBLIC "-//W3C//DTD XHTML 1.0 Transitional//EN"
    "http://www.w3.org/TR/xhtml1/DTD/xhtml1-transitional.dtd">
<html xmlns="http://www.w3.org/1999/xhtml" xml:lang="en" lang="en">
 <head>
  <title>
</title>
<meta http-equiv="Content-Type" content="text/html;charset=utf-8" />
  <meta name='ocr-system' content='tesseract 3.04.00' />
  <meta name='ocr-capabilities' content='ocr_page ocr_carea ocr_par ocr_line ocrx_word'/>
</head>
<body>
  <div class='ocr_page' id='page_1' title='image "./observationesin00schrgoog/observationesin00schrgoog_0023.png"; bbox 0 0 3356 5294; ppageno 0'>
   <div class='ocr_carea' id='block_1_1' title="bbox 865 549 906 612">
    <p class='ocr_par' dir='ltr' id='par_1_1' title="bbox 865 549 906 612">
     <span class='ocr_line' id='line_1_1' title="bbox 865 549 906 612; baseline 0 0"><span class='ocrx_word' id='word_1_1' title='bbox 865 549 906 612; x_wconf 89' lang='lat'><strong>10</strong></span> 
     </span>
    </p>
   </div>
   <div class='ocr_carea' id='block_1_2' title="bbox 327 759 1478 1726">
    <p class='ocr_par' dir='ltr' id='par_1_2' title="bbox 327 759 1478 1726">
     <span class='ocr_line' id='line_1_2' title="bbox 327 759 1444 847; baseline -0.004 -20"><span class='ocrx_word' id='word_1_2' title='bbox 327 763 453 847; x_wconf 89' lang='lat' dir='ltr'><strong>gendus</strong></span> <span class='ocrx_word' id='word_1_3' title='bbox 488 763 538 826; x_wconf 92' lang='lat' dir='ltr'><strong>sit.</strong></span> <span class='ocrx_word' id='word_1_4' title='bbox 572 759 726 825; x_wconf 85' lang='lat' dir='ltr'><strong>Pluribus</strong></span> <span class='ocrx_word' id='word_1_5' title='bbox 761 780 842 844; x_wconf 93' lang='lat' dir='ltr'><strong>opus</strong></span> <span class='ocrx_word' id='word_1_6' title='bbox 875 760 997 843; x_wconf 84' lang='lat' dir='ltr'><strong>fuisset,</strong></span> <span class='ocrx_word' id='word_1_7' title='bbox 1027 760 1130 842; x_wconf 87' lang='lat' dir='ltr'><strong>oredo,</strong></span> <span class='ocrx_word' id='word_1_8' title='bbox 1160 760 1286 826; x_wconf 90' lang='lat' dir='ltr'><strong>indiciis</strong></span> <span class='ocrx_word' id='word_1_9' title='bbox 1310 764 1346 824; x_wconf 87' lang='lat' dir='ltr'><strong>ut</strong></span> <span class='ocrx_word' id='word_1_10' title='bbox 1368 759 1444 824; x_wconf 90' lang='lat' dir='ltr'><strong>Per-</strong></span> 
     </span>
     <span class='ocr_line' id='line_1_3' title="bbox 327 885 1442 972; baseline -0.004 -21"><span class='ocrx_word' id='word_1_11' title='bbox 327 907 438 972; x_wconf 89' lang='lat' dir='ltr'><strong>gaeam</strong></span> <span class='ocrx_word' id='word_1_12' title='bbox 466 886 602 951; x_wconf 80' lang='lat' dir='ltr'><strong>Dianam</strong></span> <span class='ocrx_word' id='word_1_13' title='bbox 627 887 785 971; x_wconf 86' lang='lat' dir='ltr'><strong>designari</strong></span> <span class='ocrx_word' id='word_1_14' title='bbox 809 887 962 951; x_wconf 79' lang='lat' dir='ltr'><strong>sentirent</strong></span> <span class='ocrx_word' id='word_1_15' title='bbox 984 887 1126 951; x_wconf 84' lang='lat' dir='ltr'><strong>lectores.</strong></span> <span class='ocrx_word' id='word_1_16' title='bbox 1151 885 1203 951; x_wconf 84' lang='lat' dir='ltr'><strong>Sic</strong></span> <span class='ocrx_word' id='word_1_17' title='bbox 1227 886 1318 950; x_wconf 88' lang='lat' dir='ltr'><strong>Pont</strong></span> <span class='ocrx_word' id='word_1_18' title='bbox 1341 885 1399 969; x_wconf 91' lang='grc' dir='ltr'>ΙΙΙ,</span> <span class='ocrx_word' id='word_1_19' title='bbox 1425 889 1442 947; x_wconf 94' lang='grc'><strong>2</strong></span> 
     </span>
     <span class='ocr_line' id='line_1_4' title="bbox 328 1013 1445 1099; baseline -0.002 -20"><span class='ocrx_word' id='word_1_20' title='bbox 328 1035 393 1079; x_wconf 89' lang='lat' dir='ltr'><strong>nou</strong></span> <span class='ocrx_word' id='word_1_21' title='bbox 428 1013 620 1094; x_wconf 84' lang='lat' dir='ltr'><strong>dubitamus,</strong></span> <span class='ocrx_word' id='word_1_22' title='bbox 650 1016 728 1098; x_wconf 92' lang='lat' dir='ltr'><strong>quin</strong></span> <span class='ocrx_word' id='word_1_23' title='bbox 759 1013 862 1078; x_wconf 88' lang='lat' dir='ltr'><strong>Diana</strong></span> <span class='ocrx_word' id='word_1_24' title='bbox 890 1015 1023 1079; x_wconf 81' lang='lat' dir='ltr'><strong>Taurica</strong></span> <span class='ocrx_word' id='word_1_25' title='bbox 1050 1020 1217 1099; x_wconf 88' lang='lat' dir='ltr'><strong>spectetur,</strong></span> <span class='ocrx_word' id='word_1_26' title='bbox 1239 1015 1313 1079; x_wconf 90' lang='lat' dir='ltr'><strong>licet</strong></span> <span class='ocrx_word' id='word_1_27' title='bbox 1336 1014 1445 1078; x_wconf 89' lang='lat' dir='ltr'><strong>audiat</strong></span> 
     </span>
     <span class='ocr_line' id='line_1_5' title="bbox 329 1117 1478 1223; baseline -0.003 -19"><span class='ocrx_word' id='word_1_28' title='bbox 329 1160 458 1204; x_wconf 74' lang='lat' dir='ltr'><strong>consors</strong></span> <span class='ocrx_word' id='word_1_29' title='bbox 492 1139 613 1204; x_wconf 71' lang='lat' dir='ltr'><strong>Puoeu</strong></span> <span class='ocrx_word' id='word_1_30' title='bbox 645 1140 703 1206; x_wconf 76' lang='lat' dir='ltr'><strong>aea</strong></span> <span class='ocrx_word' id='word_1_31' title='bbox 733 1144 773 1220; x_wconf 78' lang='lat' dir='ltr'><strong>(v.</strong></span> <span class='ocrx_word' id='word_1_32' title='bbox 802 1142 865 1221; x_wconf 79' lang='lat' dir='ltr'><strong>ue),</strong></span> <span class='ocrx_word' id='word_1_33' title='bbox 888 1139 1016 1204; x_wconf 70' lang='lat' dir='ltr'><strong>Phoebe</strong></span> <span class='ocrx_word' id='word_1_34' title='bbox 1040 1143 1078 1222; x_wconf 80' lang='lat' dir='ltr'><strong>(v.</strong></span> <span class='ocrx_word' id='word_1_35' title='bbox 1104 1141 1167 1223; x_wconf 80' lang='lat' dir='ltr'><strong>eu),</strong></span> <span class='ocrx_word' id='word_1_36' title='bbox 1188 1141 1294 1204; x_wconf 75' lang='lat' dir='ltr'><strong>navia</strong></span> <span class='ocrx_word' id='word_1_37' title='bbox 1317 1142 1356 1220; x_wconf 75' lang='lat' dir='ltr'><strong>(v.</strong></span> <span class='ocrx_word' id='word_1_38' title='bbox 1383 1140 1444 1220; x_wconf 75' lang='lat' dir='ltr'><strong>u).</strong></span> <span class='ocrx_word' id='word_1_39' title='bbox 1475 1117 1478 1126; x_wconf 90' lang='grc'><strong><em>’</em></strong></span> 
     </span>
     <span class='ocr_line' id='line_1_6' title="bbox 329 1255 1444 1350; baseline -0.003 -20"><span class='ocrx_word' id='word_1_40' title='bbox 329 1255 380 1330; x_wconf 56' lang='lat' dir='ltr'><strong>of(</strong></span> <span class='ocrx_word' id='word_1_41' title='bbox 397 1267 542 1331; x_wconf 87' lang='lat' dir='ltr'><strong>Bistonia</strong></span> <span class='ocrx_word' id='word_1_42' title='bbox 568 1265 711 1330; x_wconf 88' lang='lat' dir='ltr'><strong>Minerva</strong></span> <span class='ocrx_word' id='word_1_43' title='bbox 735 1266 780 1330; x_wconf 85' lang='lat' dir='ltr'><strong>Ib.</strong></span> <span class='ocrx_word' id='word_1_44' title='bbox 804 1287 831 1329; x_wconf 83' lang='lat' dir='ltr'><strong>v.</strong></span> <span class='ocrx_word' id='word_1_45' title='bbox 857 1267 929 1330; x_wconf 79' lang='lat'><strong>379.</strong></span> <span class='ocrx_word' id='word_1_46' title='bbox 952 1266 1055 1350; x_wconf 81' lang='lat' dir='ltr'><strong>Igitur</strong></span> <span class='ocrx_word' id='word_1_47' title='bbox 1078 1285 1118 1330; x_wconf 90' lang='lat' dir='ltr'><strong>ne</strong></span> <span class='ocrx_word' id='word_1_48' title='bbox 1143 1267 1220 1330; x_wconf 88' lang='lat' dir='ltr'><strong>haec</strong></span> <span class='ocrx_word' id='word_1_49' title='bbox 1244 1265 1372 1349; x_wconf 92' lang='lat' dir='ltr'><strong>quidem</strong></span> <span class='ocrx_word' id='word_1_50' title='bbox 1395 1266 1444 1327; x_wconf 91' lang='lat' dir='ltr'><strong>in-</strong></span> 
     </span>
     <span class='ocr_line' id='line_1_7' title="bbox 329 1385 1444 1477; baseline 0 -22"><span class='ocrx_word' id='word_1_51' title='bbox 329 1394 509 1477; x_wconf 89' lang='lat' dir='ltr'><strong>terpretatio</strong></span> <span class='ocrx_word' id='word_1_52' title='bbox 533 1394 611 1456; x_wconf 93' lang='lat' dir='ltr'><strong>mihi</strong></span> <span class='ocrx_word' id='word_1_53' title='bbox 634 1393 743 1477; x_wconf 88' lang='lat' dir='ltr'><strong>placet.</strong></span> <span class='ocrx_word' id='word_1_54' title='bbox 765 1390 838 1476; x_wconf 93' lang='lat' dir='ltr'><strong>Ipse</strong></span> <span class='ocrx_word' id='word_1_55' title='bbox 862 1393 998 1476; x_wconf 89' lang='lat' dir='ltr'><strong>cogitavi</strong></span> <span class='ocrx_word' id='word_1_56' title='bbox 1022 1393 1061 1455; x_wconf 93' lang='lat' dir='ltr'><strong>de</strong></span> <span class='ocrx_word' id='word_1_57' title='bbox 1082 1393 1192 1475; x_wconf 87' lang='lat' dir='ltr'><strong>magis,</strong></span> <span class='ocrx_word' id='word_1_58' title='bbox 1212 1385 1269 1475; x_wconf 86' lang='lat' dir='ltr'><strong>qui</strong></span> <span class='ocrx_word' id='word_1_59' title='bbox 1290 1396 1444 1474; x_wconf 83' lang='lat' dir='ltr'><strong>quaestus</strong></span> 
     </span>
     <span class='ocr_line' id='line_1_8' title="bbox 330 1517 1444 1602; baseline 0.001 -22"><span class='ocrx_word' id='word_1_60' title='bbox 330 1537 425 1582; x_wconf 89' lang='lat' dir='ltr'><strong>causa</strong></span> <span class='ocrx_word' id='word_1_61' title='bbox 452 1518 647 1582; x_wconf 90' lang='lat' dir='ltr'><strong>hariolantur</strong></span> <span class='ocrx_word' id='word_1_62' title='bbox 663 1518 693 1602; x_wconf 83' lang='grc'><strong>1),</strong></span> <span class='ocrx_word' id='word_1_63' title='bbox 717 1537 853 1601; x_wconf 90' lang='lat' dir='ltr'><strong>quorum</strong></span> <span class='ocrx_word' id='word_1_64' title='bbox 877 1517 1069 1582; x_wconf 88' lang='lat' dir='ltr'><strong>furibundae</strong></span> <span class='ocrx_word' id='word_1_65' title='bbox 1092 1518 1322 1602; x_wconf 89' lang='lat' dir='ltr'><strong>praedictiones</strong></span> <span class='ocrx_word' id='word_1_66' title='bbox 1335 1517 1357 1598; x_wconf 68' lang='grc'><strong>2)</strong></span> <span class='ocrx_word' id='word_1_67' title='bbox 1380 1538 1444 1582; x_wconf 93' lang='lat' dir='ltr'><strong>non</strong></span> 
     </span>
     <span class='ocr_line' id='line_1_9' title="bbox 329 1641 1445 1726; baseline 0.001 -21"><span class='ocrx_word' id='word_1_68' title='bbox 329 1644 374 1707; x_wconf 89' lang='lat' dir='ltr'><strong>ita</strong></span> <span class='ocrx_word' id='word_1_69' title='bbox 404 1643 521 1706; x_wconf 85' lang='lat' dir='ltr'><strong>distant</strong></span> <span class='ocrx_word' id='word_1_70' title='bbox 552 1663 570 1706; x_wconf 92' lang='lat' dir='ltr'><strong>a</strong></span> <span class='ocrx_word' id='word_1_71' title='bbox 594 1642 759 1706; x_wconf 82' lang='lat' dir='ltr'><strong>Gallorum</strong></span> <span class='ocrx_word' id='word_1_72' title='bbox 783 1641 1025 1726; x_wconf 89' lang='lat' dir='ltr'><strong>Isiacorumque</strong></span> <span class='ocrx_word' id='word_1_73' title='bbox 1048 1644 1257 1725; x_wconf 83' lang='lat' dir='ltr'><strong>caerimoniis,</strong></span> <span class='ocrx_word' id='word_1_74' title='bbox 1279 1649 1314 1706; x_wconf 89' lang='lat' dir='ltr'><strong>ut</strong></span> <span class='ocrx_word' id='word_1_75' title='bbox 1339 1661 1445 1707; x_wconf 87' lang='lat' dir='ltr'><strong>exorn-</strong></span> 
     </span>
    </p>
   </div>
   <div class='ocr_carea' id='block_1_3' title="bbox 208 1767 1446 1854">
    <p class='ocr_par' dir='ltr' id='par_1_3' title="bbox 208 1767 1446 1854">
     <span class='ocr_line' id='line_1_10' title="bbox 208 1767 1446 1854; baseline -0.001 -22"><span class='ocrx_word' id='word_1_76' title='bbox 208 1837 213 1852; x_wconf 62' lang='grc'>,</span> <span class='ocrx_word' id='word_1_77' title='bbox 329 1770 390 1854; x_wconf 91' lang='lat' dir='ltr'><strong>plis</strong></span> <span class='ocrx_word' id='word_1_78' title='bbox 409 1768 542 1853; x_wconf 88' lang='lat' dir='ltr'><strong>probare</strong></span> <span class='ocrx_word' id='word_1_79' title='bbox 561 1768 707 1832; x_wconf 85' lang='lat' dir='ltr'><strong>conabor.</strong></span> <span class='ocrx_word' id='word_1_80' title='bbox 727 1767 823 1832; x_wconf 83' lang='lat' dir='ltr'><strong>Sacra</strong></span> <span class='ocrx_word' id='word_1_81' title='bbox 841 1770 1007 1852; x_wconf 88' lang='lat' dir='ltr'><strong>peregrina</strong></span> <span class='ocrx_word' id='word_1_82' title='bbox 1018 1767 1083 1834; x_wconf 90' lang='lat' dir='ltr'><strong>fere</strong></span> <span class='ocrx_word' id='word_1_83' title='bbox 1095 1768 1315 1853; x_wconf 90' lang='lat' dir='ltr'><strong>complectitur</strong></span> <span class='ocrx_word' id='word_1_84' title='bbox 1326 1767 1446 1833; x_wconf 83' lang='lat' dir='ltr'><strong>Seneca</strong></span> 
     </span>
    </p>
   </div>
   <div class='ocr_carea' id='block_1_4' title="bbox 288 1894 1469 3616">
    <p class='ocr_par' dir='ltr' id='par_1_4' title="bbox 329 1894 1460 2233">
     <span class='ocr_line' id='line_1_11' title="bbox 330 1894 1460 1978; baseline 0.001 -19"><span class='ocrx_word' id='word_1_85' title='bbox 330 1896 370 1960; x_wconf 92' lang='lat' dir='ltr'><strong>de</strong></span> <span class='ocrx_word' id='word_1_86' title='bbox 394 1898 459 1959; x_wconf 86' lang='lat' dir='ltr'><strong>vita</strong></span> <span class='ocrx_word' id='word_1_87' title='bbox 481 1895 572 1959; x_wconf 87' lang='lat' dir='ltr'><strong>beata</strong></span> <span class='ocrx_word' id='word_1_88' title='bbox 595 1914 620 1959; x_wconf 92' lang='lat' dir='ltr'><strong>o.</strong></span> <span class='ocrx_word' id='word_1_89' title='bbox 645 1896 696 1977; x_wconf 87' lang='grc'><strong>26,</strong></span> <span class='ocrx_word' id='word_1_90' title='bbox 719 1896 756 1958; x_wconf 92' lang='lat'><strong>8:</strong></span> <span class='ocrx_word' id='word_1_91' title='bbox 784 1894 883 1976; x_wconf 81' lang='lat' dir='ltr'><strong>,Cum</strong></span> <span class='ocrx_word' id='word_1_92' title='bbox 908 1896 1038 1958; x_wconf 90' lang='lat' dir='ltr'><strong>sistrum</strong></span> <span class='ocrx_word' id='word_1_93' title='bbox 1062 1895 1178 1978; x_wconf 88' lang='lat' dir='ltr'><strong>aliquis</strong></span> <span class='ocrx_word' id='word_1_94' title='bbox 1197 1897 1384 1960; x_wconf 85' lang='lat' dir='ltr'><strong>concutiens</strong></span> <span class='ocrx_word' id='word_1_95' title='bbox 1405 1914 1460 1960; x_wconf 87' lang='lat' dir='ltr'><strong>ex.</strong></span> 
     </span>
     <span class='ocr_line' id='line_1_12' title="bbox 329 2020 1446 2106; baseline 0 -21"><span class='ocrx_word' id='word_1_96' title='bbox 329 2024 462 2106; x_wconf 90' lang='lat' dir='ltr'><strong>imperio</strong></span> <span class='ocrx_word' id='word_1_97' title='bbox 474 2022 500 2106; x_wconf 81' lang='grc'><strong>3)</strong></span> <span class='ocrx_word' id='word_1_98' title='bbox 525 2023 685 2104; x_wconf 82' lang='lat' dir='ltr'><strong>mentitur,</strong></span> <span class='ocrx_word' id='word_1_99' title='bbox 708 2040 781 2085; x_wconf 90' lang='lat' dir='ltr'><strong>cum</strong></span> <span class='ocrx_word' id='word_1_100' title='bbox 805 2020 921 2104; x_wconf 90' lang='lat' dir='ltr'><strong>aliquis</strong></span> <span class='ocrx_word' id='word_1_101' title='bbox 942 2021 1070 2084; x_wconf 90' lang='lat' dir='ltr'><strong>secandi</strong></span> <span class='ocrx_word' id='word_1_102' title='bbox 1089 2021 1223 2086; x_wconf 87' lang='lat' dir='ltr'><strong>lacertos</strong></span> <span class='ocrx_word' id='word_1_103' title='bbox 1244 2040 1320 2086; x_wconf 91' lang='lat' dir='ltr'><strong>suos</strong></span> <span class='ocrx_word' id='word_1_104' title='bbox 1332 2021 1446 2087; x_wconf 84' lang='lat' dir='ltr'><strong>artifex</strong></span> 
     </span>
     <span class='ocr_line' id='line_1_13' title="bbox 330 2147 1445 2233; baseline 0.002 -22"><span class='ocrx_word' id='word_1_105' title='bbox 330 2147 459 2212; x_wconf 89' lang='lat' dir='ltr'><strong>brachia</strong></span> <span class='ocrx_word' id='word_1_106' title='bbox 481 2154 577 2231; x_wconf 92' lang='lat' dir='ltr'><strong>atque</strong></span> <span class='ocrx_word' id='word_1_107' title='bbox 600 2149 750 2212; x_wconf 89' lang='lat' dir='ltr'><strong>humeros</strong></span> <span class='ocrx_word' id='word_1_108' title='bbox 771 2167 926 2232; x_wconf 88' lang='lat' dir='ltr'><strong>suspensa</strong></span> <span class='ocrx_word' id='word_1_109' title='bbox 945 2167 1043 2212; x_wconf 91' lang='lat' dir='ltr'><strong>manu</strong></span> <span class='ocrx_word' id='word_1_110' title='bbox 1062 2153 1216 2232; x_wconf 86' lang='lat' dir='ltr'><strong>cruentat,</strong></span> <span class='ocrx_word' id='word_1_111' title='bbox 1236 2168 1308 2212; x_wconf 91' lang='lat' dir='ltr'><strong>cum</strong></span> <span class='ocrx_word' id='word_1_112' title='bbox 1330 2149 1445 2233; x_wconf 90' lang='lat' dir='ltr'><strong>aliquis</strong></span> 
     </span>
    </p>

    <p class='ocr_par' dir='ltr' id='par_1_5' title="bbox 288 2273 1446 2734">
     <span class='ocr_line' id='line_1_14' title="bbox 330 2273 1446 2359; baseline -0.001 -20"><span class='ocrx_word' id='word_1_113' title='bbox 330 2273 466 2359; x_wconf 84' lang='lat' dir='ltr'><strong>genibus</strong></span> <span class='ocrx_word' id='word_1_114' title='bbox 497 2293 553 2359; x_wconf 87' lang='lat' dir='ltr'><strong>per</strong></span> <span class='ocrx_word' id='word_1_115' title='bbox 585 2275 669 2336; x_wconf 83' lang='lat' dir='ltr'><strong>viam</strong></span> <span class='ocrx_word' id='word_1_116' title='bbox 696 2291 809 2356; x_wconf 90' lang='lat' dir='ltr'><strong>repens</strong></span> <span class='ocrx_word' id='word_1_117' title='bbox 833 2273 935 2338; x_wconf 88' lang='lat' dir='ltr'><strong>ululat</strong></span> <span class='ocrx_word' id='word_1_118' title='bbox 957 2273 1150 2357; x_wconf 86' lang='lat' dir='ltr'><strong>laurumque</strong></span> <span class='ocrx_word' id='word_1_119' title='bbox 1173 2273 1324 2338; x_wconf 86' lang='lat' dir='ltr'><strong>linteatus</strong></span> <span class='ocrx_word' id='word_1_120' title='bbox 1348 2293 1446 2338; x_wconf 85' lang='lat' dir='ltr'><strong>senex</strong></span> 
     </span>
     <span class='ocr_line' id='line_1_15' title="bbox 288 2375 1444 2486; baseline 0.003 -22"><span class='ocrx_word' id='word_1_121' title='bbox 288 2375 291 2382; x_wconf 32' lang='lat'><strong><em>⁴</em></strong></span> <span class='ocrx_word' id='word_1_122' title='bbox 332 2409 362 2464; x_wconf 93' lang='lat' dir='ltr'><strong>et</strong></span> <span class='ocrx_word' id='word_1_123' title='bbox 386 2400 490 2463; x_wconf 92' lang='lat' dir='ltr'><strong>medio</strong></span> <span class='ocrx_word' id='word_1_124' title='bbox 513 2400 676 2464; x_wconf 87' lang='lat' dir='ltr'><strong>lucernam</strong></span> <span class='ocrx_word' id='word_1_125' title='bbox 700 2399 750 2464; x_wconf 86' lang='lat' dir='ltr'><strong>dio</strong></span> <span class='ocrx_word' id='word_1_126' title='bbox 773 2399 953 2484; x_wconf 89' lang='lat' dir='ltr'><strong>praeferens</strong></span> <span class='ocrx_word' id='word_1_127' title='bbox 973 2400 1150 2464; x_wconf 89' lang='lat' dir='ltr'><strong>conclamat</strong></span> <span class='ocrx_word' id='word_1_128' title='bbox 1169 2402 1285 2465; x_wconf 91' lang='lat' dir='ltr'><strong>iratum</strong></span> <span class='ocrx_word' id='word_1_129' title='bbox 1306 2401 1444 2486; x_wconf 91' lang='lat' dir='ltr'><strong>aliquem</strong></span> 
     </span>
     <span class='ocr_line' id='line_1_16' title="bbox 332 2525 1446 2606; baseline 0.006 -18"><span class='ocrx_word' id='word_1_130' title='bbox 332 2525 474 2606; x_wconf 92' lang='lat' dir='ltr'><strong>deorum,</strong></span> <span class='ocrx_word' id='word_1_131' title='bbox 496 2526 685 2589; x_wconf 89' lang='lat' dir='ltr'><strong>concurritis</strong></span> <span class='ocrx_word' id='word_1_132' title='bbox 709 2529 741 2588; x_wconf 91' lang='lat' dir='ltr'><strong>et</strong></span> <span class='ocrx_word' id='word_1_133' title='bbox 763 2525 881 2589; x_wconf 89' lang='lat' dir='ltr'><strong>auditis</strong></span> <span class='ocrx_word' id='word_1_134' title='bbox 905 2531 935 2590; x_wconf 91' lang='lat' dir='ltr'><strong>et</strong></span> <span class='ocrx_word' id='word_1_135' title='bbox 958 2526 1104 2590; x_wconf 87' lang='lat' dir='ltr'><strong>divinum</strong></span> <span class='ocrx_word' id='word_1_136' title='bbox 1127 2546 1197 2592; x_wconf 91' lang='lat' dir='ltr'><strong>esse</strong></span> <span class='ocrx_word' id='word_1_137' title='bbox 1216 2546 1290 2592; x_wconf 89' lang='lat' dir='ltr'><strong>enm</strong></span> <span class='ocrx_word' id='word_1_138' title='bbox 1309 2529 1446 2594; x_wconf 86' lang='lat' dir='ltr'><strong>invicem</strong></span> 
     </span>
     <span class='ocr_line' id='line_1_17' title="bbox 333 2650 1039 2734; baseline 0.001 -20"><span class='ocrx_word' id='word_1_139' title='bbox 333 2655 483 2716; x_wconf 91' lang='lat' dir='ltr'><strong>mutuum</strong></span> <span class='ocrx_word' id='word_1_140' title='bbox 508 2651 628 2716; x_wconf 85' lang='lat' dir='ltr'><strong>alentes</strong></span> <span class='ocrx_word' id='word_1_141' title='bbox 652 2655 814 2734; x_wconf 89' lang='lat' dir='ltr'><strong>stuporem</strong></span> <span class='ocrx_word' id='word_1_142' title='bbox 838 2650 1039 2715; x_wconf 89' lang='lat' dir='ltr'><strong>adfirmatis.”</strong></span> 
     </span>
    </p>

    <p class='ocr_par' dir='ltr' id='par_1_6' title="bbox 331 2775 1469 3616">
     <span class='ocr_line' id='line_1_18' title="bbox 377 2775 1469 2859; baseline 0.001 -19"><span class='ocrx_word' id='word_1_143' title='bbox 377 2775 457 2841; x_wconf 84' lang='lat' dir='ltr'><strong>(lum</strong></span> <span class='ocrx_word' id='word_1_144' title='bbox 492 2777 542 2841; x_wconf 90' lang='lat' dir='ltr'><strong>his</strong></span> <span class='ocrx_word' id='word_1_145' title='bbox 577 2795 724 2859; x_wconf 85' lang='lat' dir='ltr'><strong>compara</strong></span> <span class='ocrx_word' id='word_1_146' title='bbox 757 2776 944 2840; x_wconf 90' lang='lat' dir='ltr'><strong>iracundam</strong></span> <span class='ocrx_word' id='word_1_147' title='bbox 974 2775 1110 2841; x_wconf 86' lang='lat' dir='ltr'><strong>Dianam</strong></span> <span class='ocrx_word' id='word_1_148' title='bbox 1139 2776 1217 2842; x_wconf 89' lang='lat' dir='ltr'><strong>Hor.</strong></span> <span class='ocrx_word' id='word_1_149' title='bbox 1248 2779 1287 2841; x_wconf 82' lang='lat' dir='ltr'><strong>A.</strong></span> <span class='ocrx_word' id='word_1_150' title='bbox 1317 2778 1352 2843; x_wconf 92' lang='grc' dir='ltr'><strong>Ρ.</strong></span> <span class='ocrx_word' id='word_1_151' title='bbox 1376 2781 1469 2842; x_wconf 73' lang='lat' dir='ltr'><strong>lun·</strong></span> 
     </span>
     <span class='ocr_line' id='line_1_19' title="bbox 331 2900 1449 2987; baseline 0.004 -23"><span class='ocrx_word' id='word_1_152' title='bbox 331 2901 431 2986; x_wconf 83' lang='lat' dir='ltr'><strong>Epod.</strong></span> <span class='ocrx_word' id='word_1_153' title='bbox 464 2901 514 2984; x_wconf 84' lang='lat' dir='ltr'><strong>ll,</strong></span> <span class='ocrx_word' id='word_1_154' title='bbox 546 2901 574 2964; x_wconf 87' lang='lat'><strong>3.</strong></span> <span class='ocrx_word' id='word_1_155' title='bbox 605 2901 752 2965; x_wconf 83' lang='lat' dir='ltr'><strong>Terrores</strong></span> <span class='ocrx_word' id='word_1_156' title='bbox 784 2901 899 2984; x_wconf 83' lang='lat' dir='ltr'><strong>magici</strong></span> <span class='ocrx_word' id='word_1_157' title='bbox 929 2902 996 2965; x_wconf 88' lang='lat' dir='ltr'><strong>noti</strong></span> <span class='ocrx_word' id='word_1_158' title='bbox 1023 2906 1100 2966; x_wconf 91' lang='lat' dir='ltr'><strong>sunt</strong></span> <span class='ocrx_word' id='word_1_159' title='bbox 1122 2921 1163 2967; x_wconf 84' lang='lat' dir='ltr'><strong>ex</strong></span> <span class='ocrx_word' id='word_1_160' title='bbox 1186 2900 1263 2966; x_wconf 88' lang='lat' dir='ltr'><strong>Hor.</strong></span> <span class='ocrx_word' id='word_1_161' title='bbox 1285 2902 1385 2987; x_wconf 82' lang='lat' dir='ltr'><strong>Epist.</strong></span> <span class='ocrx_word' id='word_1_162' title='bbox 1407 2904 1449 2987; x_wconf 92' lang='lat' dir='ltr'><strong>II,</strong></span> 
     </span>
     <span class='ocr_line' id='line_1_20' title="bbox 334 3024 1446 3111; baseline 0.004 -23"><span class='ocrx_word' id='word_1_163' title='bbox 334 3028 363 3109; x_wconf 95' lang='lat' dir='ltr'><strong>l,</strong></span> <span class='ocrx_word' id='word_1_164' title='bbox 387 3026 424 3087; x_wconf 90' lang='grc'><strong>21</strong></span> <span class='ocrx_word' id='word_1_165' title='bbox 453 3046 508 3109; x_wconf 83' lang='lat' dir='ltr'><strong>sq,</strong></span> <span class='ocrx_word' id='word_1_166' title='bbox 533 3027 562 3108; x_wconf 88' lang='grc'><strong>2,</strong></span> <span class='ocrx_word' id='word_1_167' title='bbox 586 3027 658 3088; x_wconf 86' lang='grc'><strong>208.</strong></span> <span class='ocrx_word' id='word_1_168' title='bbox 682 3024 804 3090; x_wconf 86' lang='lat' dir='ltr'><strong>Motum</strong></span> <span class='ocrx_word' id='word_1_169' title='bbox 826 3027 926 3110; x_wconf 89' lang='lat' dir='ltr'><strong>igitur</strong></span> <span class='ocrx_word' id='word_1_170' title='bbox 947 3026 1146 3091; x_wconf 85' lang='lat' dir='ltr'><strong>incutiebant</strong></span> <span class='ocrx_word' id='word_1_171' title='bbox 1165 3029 1279 3092; x_wconf 91' lang='lat' dir='ltr'><strong>animis</strong></span> <span class='ocrx_word' id='word_1_172' title='bbox 1299 3029 1446 3111; x_wconf 92' lang='lat' dir='ltr'><strong>credulis,</strong></span> 
     </span>
     <span class='ocr_line' id='line_1_21' title="bbox 332 3147 1448 3238; baseline 0.002 -23"><span class='ocrx_word' id='word_1_173' title='bbox 332 3151 531 3237; x_wconf 87' lang='lat' dir='ltr'><strong>vagabantur</strong></span> <span class='ocrx_word' id='word_1_174' title='bbox 553 3155 583 3216; x_wconf 93' lang='lat' dir='ltr'><strong>et</strong></span> <span class='ocrx_word' id='word_1_175' title='bbox 607 3150 775 3215; x_wconf 88' lang='lat' dir='ltr'><strong>ululabant</strong></span> <span class='ocrx_word' id='word_1_176' title='bbox 798 3147 964 3236; x_wconf 87' lang='lat' dir='ltr'><strong>pervices</strong></span> <span class='ocrx_word' id='word_1_177' title='bbox 987 3151 1064 3233; x_wconf 75' lang='lat' dir='ltr'><strong>(Tib.</strong></span> <span class='ocrx_word' id='word_1_178' title='bbox 1086 3151 1112 3235; x_wconf 84' lang='grc' dir='ltr'><strong>Ι,</strong></span> <span class='ocrx_word' id='word_1_179' title='bbox 1136 3154 1165 3235; x_wconf 88' lang='lat'><strong>5,</strong></span> <span class='ocrx_word' id='word_1_180' title='bbox 1189 3154 1238 3216; x_wconf 88' lang='lat'><strong>55.</strong></span> <span class='ocrx_word' id='word_1_181' title='bbox 1257 3149 1346 3238; x_wconf 83' lang='lat' dir='ltr'><strong>Virg.</strong></span> <span class='ocrx_word' id='word_1_182' title='bbox 1368 3155 1448 3218; x_wconf 81' lang='lat' dir='ltr'><strong>Aen.</strong></span> 
     </span>
     <span class='ocr_line' id='line_1_22' title="bbox 332 3276 1448 3372; baseline 0.002 -31"><span class='ocrx_word' id='word_1_183' title='bbox 332 3276 389 3359; x_wconf 89' lang='lat' dir='ltr'><strong>IV,</strong></span> <span class='ocrx_word' id='word_1_184' title='bbox 424 3277 513 3357; x_wconf 69' lang='lat'><strong>609),</strong></span> <span class='ocrx_word' id='word_1_185' title='bbox 550 3295 615 3339; x_wconf 92' lang='lat' dir='ltr'><strong>non</strong></span> <span class='ocrx_word' id='word_1_186' title='bbox 650 3277 756 3340; x_wconf 89' lang='lat' dir='ltr'><strong>minus</strong></span> <span class='ocrx_word' id='word_1_187' title='bbox 787 3276 896 3341; x_wconf 92' lang='lat' dir='ltr'><strong>oculos</strong></span> <span class='ocrx_word' id='word_1_188' title='bbox 927 3277 968 3340; x_wconf 85' lang='lat' dir='ltr'><strong>ad</strong></span> <span class='ocrx_word' id='word_1_189' title='bbox 990 3296 1025 3341; x_wconf 93' lang='lat' dir='ltr'><strong>se</strong></span> <span class='ocrx_word' id='word_1_190' title='bbox 1047 3276 1213 3372; x_wconf 74' lang='lat' dir='ltr'><strong>vprtebant</strong></span> <span class='ocrx_word' id='word_1_191' title='bbox 1235 3279 1319 3362; x_wconf 88' lang='lat' dir='ltr'><strong>magi</strong></span> <span class='ocrx_word' id='word_1_192' title='bbox 1341 3278 1448 3343; x_wconf 85' lang='lat' dir='ltr'><strong>furore</strong></span> 
     </span>
     <span class='ocr_line' id='line_1_23' title="bbox 333 3403 1448 3487; baseline 0.002 -19"><span class='ocrx_word' id='word_1_193' title='bbox 333 3404 441 3468; x_wconf 84' lang='lat' dir='ltr'><strong>divino</strong></span> <span class='ocrx_word' id='word_1_194' title='bbox 470 3405 592 3468; x_wconf 87' lang='lat' dir='ltr'><strong>incitati</strong></span> <span class='ocrx_word' id='word_1_195' title='bbox 623 3423 718 3487; x_wconf 87' lang='lat' dir='ltr'><strong>quam</strong></span> <span class='ocrx_word' id='word_1_196' title='bbox 749 3404 797 3466; x_wconf 93' lang='lat' dir='ltr'><strong>illi</strong></span> <span class='ocrx_word' id='word_1_197' title='bbox 827 3403 957 3468; x_wconf 85' lang='lat' dir='ltr'><strong>fanatici</strong></span> <span class='ocrx_word' id='word_1_198' title='bbox 986 3404 1081 3470; x_wconf 90' lang='lat' dir='ltr'><strong>Isidis</strong></span> <span class='ocrx_word' id='word_1_199' title='bbox 1109 3410 1140 3469; x_wconf 89' lang='lat' dir='ltr'><strong>et</strong></span> <span class='ocrx_word' id='word_1_200' title='bbox 1164 3404 1306 3487; x_wconf 80' lang='lat' dir='ltr'><strong>Cybeles.</strong></span> <span class='ocrx_word' id='word_1_201' title='bbox 1331 3406 1448 3472; x_wconf 88' lang='lat' dir='ltr'><strong>Merce-</strong></span> 
     </span>
     <span class='ocr_line' id='line_1_24' title="bbox 332 3529 1136 3616; baseline 0.005 -24"><span class='ocrx_word' id='word_1_202' title='bbox 332 3529 406 3593; x_wconf 91' lang='lat' dir='ltr'><strong>dem</strong></span> <span class='ocrx_word' id='word_1_203' title='bbox 427 3531 468 3594; x_wconf 90' lang='lat' dir='ltr'><strong>iis</strong></span> <span class='ocrx_word' id='word_1_204' title='bbox 491 3529 641 3594; x_wconf 87' lang='lat' dir='ltr'><strong>tributam</strong></span> <span class='ocrx_word' id='word_1_205' title='bbox 665 3549 735 3595; x_wconf 91' lang='lat' dir='ltr'><strong>esse</strong></span> <span class='ocrx_word' id='word_1_206' title='bbox 757 3533 907 3596; x_wconf 85' lang='lat' dir='ltr'><strong>novimus</strong></span> <span class='ocrx_word' id='word_1_207' title='bbox 931 3550 948 3596; x_wconf 91' lang='lat' dir='ltr'><strong>e</strong></span> <span class='ocrx_word' id='word_1_208' title='bbox 970 3531 1136 3616; x_wconf 89' lang='lat' dir='ltr'><strong>Propertio</strong></span> 
     </span>
    </p>
   </div>
   <div class='ocr_carea' id='block_1_5' title="bbox 332 3687 1420 3779">
    <p class='ocr_par' dir='ltr' id='par_1_7' title="bbox 332 3687 1420 3779">
     <span class='ocr_line' id='line_1_25' title="bbox 332 3687 1420 3779; baseline 0.006 -26"><span class='ocrx_word' id='word_1_209' title='bbox 332 3689 375 3773; x_wconf 88' lang='lat' dir='ltr'><strong>H,</strong></span> <span class='ocrx_word' id='word_1_210' title='bbox 397 3693 427 3767; x_wconf 85' lang='lat'><strong>4,</strong></span> <span class='ocrx_word' id='word_1_211' title='bbox 452 3692 492 3754; x_wconf 86' lang='lat'><strong>15</strong></span> <span class='ocrx_word' id='word_1_212' title='bbox 515 3693 580 3774; x_wconf 83' lang='grc'><strong>(25)</strong></span> <span class='ocrx_word' id='word_1_213' title='bbox 603 3712 678 3756; x_wconf 91' lang='lat' dir='ltr'><strong>nam</strong></span> <span class='ocrx_word' id='word_1_214' title='bbox 701 3694 755 3757; x_wconf 91' lang='lat' dir='ltr'><strong>cui</strong></span> <span class='ocrx_word' id='word_1_215' title='bbox 776 3713 841 3757; x_wconf 94' lang='lat' dir='ltr'><strong>non</strong></span> <span class='ocrx_word' id='word_1_216' title='bbox 865 3713 923 3779; x_wconf 86' lang='lat' dir='ltr'><strong>ego</strong></span> <span class='ocrx_word' id='word_1_217' title='bbox 947 3714 1018 3759; x_wconf 92' lang='lat' dir='ltr'><strong>sum</strong></span> <span class='ocrx_word' id='word_1_218' title='bbox 1040 3694 1146 3758; x_wconf 89' lang='lat' dir='ltr'><strong>fallaci</strong></span> <span class='ocrx_word' id='word_1_219' title='bbox 1167 3687 1308 3778; x_wconf 83' lang='lat' dir='ltr'><strong>praemia</strong></span> <span class='ocrx_word' id='word_1_220' title='bbox 1331 3696 1420 3760; x_wconf 81' lang='lat' dir='ltr'><strong>vati?</strong></span> 
     </span>
    </p>
   </div>
   <div class='ocr_carea' id='block_1_6' title="bbox 609 3817 1403 3904">
    <p class='ocr_par' dir='ltr' id='par_1_8' title="bbox 609 3817 1403 3904">
     <span class='ocr_line' id='line_1_26' title="bbox 609 3817 1403 3904; baseline 0.004 -20"><span class='ocrx_word' id='word_1_221' title='bbox 609 3817 691 3904; x_wconf 79' lang='lat' dir='ltr'><strong>quae</strong></span> <span class='ocrx_word' id='word_1_222' title='bbox 715 3840 785 3885; x_wconf 89' lang='lat' dir='ltr'><strong>mea</strong></span> <span class='ocrx_word' id='word_1_223' title='bbox 807 3840 872 3885; x_wconf 91' lang='lat' dir='ltr'><strong>non</strong></span> <span class='ocrx_word' id='word_1_224' title='bbox 896 3821 1000 3886; x_wconf 89' lang='lat' dir='ltr'><strong>decies</strong></span> <span class='ocrx_word' id='word_1_225' title='bbox 1023 3824 1148 3886; x_wconf 88' lang='lat' dir='ltr'><strong>somnia</strong></span> <span class='ocrx_word' id='word_1_226' title='bbox 1169 3827 1274 3888; x_wconf 87' lang='lat' dir='ltr'><strong>versat</strong></span> <span class='ocrx_word' id='word_1_227' title='bbox 1297 3824 1403 3888; x_wconf 80' lang='lat' dir='ltr'><strong>anus?</strong></span> 
     </span>
    </p>
   </div>
   <div class='ocr_carea' id='block_1_7' title="bbox 344 3973 482 3982">
    <p class='ocr_par' dir='ltr' id='par_1_9' title="bbox 344 3973 482 3982">
     <span class='ocr_line' id='line_1_27' title="bbox 344 3973 482 3982; baseline 0 0"><span class='ocrx_word' id='word_1_228' title='bbox 344 3973 482 3982; x_wconf 75' lang='lat'><strong>———</strong></span> 
     </span>
    </p>
   </div>
   <div class='ocr_carea' id='block_1_8' title="bbox 308 4068 1452 4506">
    <p class='ocr_par' dir='ltr' id='par_1_10' title="bbox 369 4068 885 4137">
     <span class='ocr_line' id='line_1_28' title="bbox 369 4068 885 4137; baseline 0 -16"><span class='ocrx_word' id='word_1_229' title='bbox 369 4070 395 4134; x_wconf 83' lang='lat'><strong>1)</strong></span> <span class='ocrx_word' id='word_1_230' title='bbox 413 4068 468 4122; x_wconf 76' lang='lat' dir='ltr'><strong>(iio.</strong></span> <span class='ocrx_word' id='word_1_231' title='bbox 488 4068 521 4122; x_wconf 92' lang='lat' dir='ltr'><strong>de</strong></span> <span class='ocrx_word' id='word_1_232' title='bbox 537 4068 591 4122; x_wconf 81' lang='lat' dir='ltr'><strong>div.</strong></span> <span class='ocrx_word' id='word_1_233' title='bbox 608 4069 631 4137; x_wconf 94' lang='grc' dir='ltr'><strong>Ι,</strong></span> <span class='ocrx_word' id='word_1_234' title='bbox 648 4071 689 4137; x_wconf 85' lang='grc'><strong>58,</strong></span> <span class='ocrx_word' id='word_1_235' title='bbox 706 4071 762 4122; x_wconf 81' lang='grc'><strong>132.</strong></span> <span class='ocrx_word' id='word_1_236' title='bbox 781 4068 804 4137; x_wconf 96' lang='grc' dir='ltr'><strong>Ι,</strong></span> <span class='ocrx_word' id='word_1_237' title='bbox 821 4071 845 4136; x_wconf 84' lang='grc'><strong>2,</strong></span> <span class='ocrx_word' id='word_1_238' title='bbox 860 4072 885 4122; x_wconf 86' lang='grc'><strong>4.</strong></span> 
     </span>
    </p>

    <p class='ocr_par' dir='ltr' id='par_1_11' title="bbox 308 4159 1451 4306">
     <span class='ocr_line' id='line_1_29' title="bbox 308 4159 1451 4231; baseline 0.001 -20"><span class='ocrx_word' id='word_1_239' title='bbox 308 4173 310 4178; x_wconf 76' lang='grc'>’</span> <span class='ocrx_word' id='word_1_240' title='bbox 368 4162 395 4226; x_wconf 83' lang='grc'><strong>2)</strong></span> <span class='ocrx_word' id='word_1_241' title='bbox 412 4160 511 4214; x_wconf 83' lang='lat' dir='ltr'><strong>Lucan.</strong></span> <span class='ocrx_word' id='word_1_242' title='bbox 535 4159 584 4229; x_wconf 83' lang='lat' dir='ltr'><strong>VI,</strong></span> <span class='ocrx_word' id='word_1_243' title='bbox 607 4163 656 4214; x_wconf 81' lang='lat'><strong>590</strong></span> <span class='ocrx_word' id='word_1_244' title='bbox 678 4177 734 4231; x_wconf 86' lang='lat' dir='ltr'><strong>sqq.</strong></span> <span class='ocrx_word' id='word_1_245' title='bbox 757 4161 899 4230; x_wconf 87' lang='lat' dir='ltr'><strong>Pompeius</strong></span> <span class='ocrx_word' id='word_1_246' title='bbox 921 4160 1012 4214; x_wconf 84' lang='lat' dir='ltr'><strong>futura</strong></span> <span class='ocrx_word' id='word_1_247' title='bbox 1035 4160 1140 4230; x_wconf 82' lang='lat' dir='ltr'><strong>quaerit</strong></span> <span class='ocrx_word' id='word_1_248' title='bbox 1161 4175 1195 4213; x_wconf 84' lang='lat' dir='ltr'><strong>ex</strong></span> <span class='ocrx_word' id='word_1_249' title='bbox 1218 4160 1354 4214; x_wconf 78' lang='lat' dir='ltr'><strong>Erichtho.</strong></span> <span class='ocrx_word' id='word_1_250' title='bbox 1371 4159 1451 4228; x_wconf 87' lang='lat' dir='ltr'><strong>Prop.</strong></span> 
     </span>
     <span class='ocr_line' id='line_1_30' title="bbox 334 4252 484 4306; baseline -0.007 0"><span class='ocrx_word' id='word_1_251' title='bbox 334 4252 360 4306; x_wconf 80' lang='lat' dir='ltr'><strong>V</strong></span> <span class='ocrx_word' id='word_1_252' title='bbox 386 4256 399 4305; x_wconf 97' lang='lat'>1</span> <span class='ocrx_word' id='word_1_253' title='bbox 428 4252 484 4305; x_wconf 84' lang='lat'>106.</span> 
     </span>
    </p>

    <p class='ocr_par' dir='ltr' id='par_1_12' title="bbox 336 4292 1452 4506">
     <span class='ocr_line' id='line_1_31' title="bbox 337 4292 1452 4413; baseline 0 -19"><span class='ocrx_word' id='word_1_254' title='bbox 337 4322 339 4325; x_wconf 28' lang='lat'><strong><em>¹</em></strong></span> <span class='ocrx_word' id='word_1_255' title='bbox 362 4292 505 4410; x_wconf 53' lang='lat' dir='ltr'><strong>&#39;3)’Seneo.</strong></span> <span class='ocrx_word' id='word_1_256' title='bbox 522 4344 606 4412; x_wconf 85' lang='lat' dir='ltr'><strong>Epist.</strong></span> <span class='ocrx_word' id='word_1_257' title='bbox 624 4347 680 4413; x_wconf 79' lang='lat'><strong>108,</strong></span> <span class='ocrx_word' id='word_1_258' title='bbox 699 4348 714 4398; x_wconf 84' lang='grc'><strong>7</strong></span> <span class='ocrx_word' id='word_1_259' title='bbox 730 4361 780 4398; x_wconf 90' lang='lat' dir='ltr'><strong>neo</strong></span> <span class='ocrx_word' id='word_1_260' title='bbox 796 4345 875 4398; x_wconf 90' lang='lat' dir='ltr'><strong>aliter</strong></span> <span class='ocrx_word' id='word_1_261' title='bbox 890 4344 1057 4397; x_wconf 80' lang='lat' dir='ltr'><strong>concitentur</strong></span> <span class='ocrx_word' id='word_1_262' title='bbox 1074 4360 1153 4413; x_wconf 88' lang='lat' dir='ltr'><strong>quam</strong></span> <span class='ocrx_word' id='word_1_263' title='bbox 1168 4343 1254 4396; x_wconf 87' lang='lat' dir='ltr'><strong>solent</strong></span> <span class='ocrx_word' id='word_1_264' title='bbox 1268 4342 1381 4412; x_wconf 82' lang='lat' dir='ltr'><strong>Phrygii</strong></span> <span class='ocrx_word' id='word_1_265' title='bbox 1389 4341 1452 4395; x_wconf 91' lang='lat' dir='ltr'><strong>tibi-</strong></span> 
     </span>
     <span class='ocr_line' id='line_1_32' title="bbox 336 4436 986 4506; baseline -0.002 -16"><span class='ocrx_word' id='word_1_266' title='bbox 336 4436 403 4490; x_wconf 90' lang='lat' dir='ltr'><strong>cinis</strong></span> <span class='ocrx_word' id='word_1_267' title='bbox 419 4453 483 4490; x_wconf 84' lang='lat' dir='ltr'><strong>sono</strong></span> <span class='ocrx_word' id='word_1_268' title='bbox 502 4437 620 4491; x_wconf 79' lang='lat' dir='ltr'><strong>semiviri</strong></span> <span class='ocrx_word' id='word_1_269' title='bbox 638 4441 665 4490; x_wconf 91' lang='lat' dir='ltr'><strong>et</strong></span> <span class='ocrx_word' id='word_1_270' title='bbox 681 4454 716 4490; x_wconf 89' lang='lat' dir='ltr'><strong>ex</strong></span> <span class='ocrx_word' id='word_1_271' title='bbox 732 4437 844 4506; x_wconf 90' lang='lat' dir='ltr'><strong>imperio</strong></span> <span class='ocrx_word' id='word_1_272' title='bbox 860 4437 986 4490; x_wconf 85' lang='lat' dir='ltr'><strong>furentes.</strong></span> 
     </span>
    </p>
   </div>
   <div class='ocr_carea' id='block_1_9' title="bbox 0 0 1691 5294">
    <p class='ocr_par' dir='ltr' id='par_1_13' title="bbox 0 0 1691 5294">
     <span class='ocr_line' id='line_1_33' title="bbox 0 0 1691 5294; baseline 0 0"><span class='ocrx_word' id='word_1_273' title='bbox 0 0 1691 5294; x_wconf 95' lang='lat' dir='ltr'><strong> </strong></span> 
     </span>
    </p>
   </div>
  </div>
 </body>
</html>
