3356 5294
287 1062 321 1127 P.
333 1061 391 1144 III,
405 1063 433 1144 3,
446 1061 485 1122 61
512 1061 559 1124 sic
581 1061 670 1142 regat
693 1058 862 1142 imperium
885 1065 1051 1141 terrasque
1074 1066 1217 1120 coerceat
1242 1074 1353 1120 omnes

519 1186 642 1270 Caesar,
664 1185 703 1251 ab
726 1187 837 1252 Aenea
860 1191 907 1250 est
931 1187 987 1270 qui
1010 1185 1069 1249 tibi
1091 1184 1189 1248 fratre
1212 1202 1319 1266 nepos.

330 1389 382 1452 Ex
407 1407 470 1472 quo
493 1385 560 1450 cod.
584 1383 840 1469 Hamburgensis
864 1403 922 1468 ope
946 1384 1090 1448 destituti
1113 1403 1238 1468 sumna,
1262 1384 1408 1448 codicum

287 1513 526 1578 Monacensium
551 1512 710 1595 imprimis
733 1513 907 1575 auctoritas
930 1511 1029 1591 valet3
1055 1511 1236 1594 quodcum
1259 1512 1411 1575 concedat

288 1640 462 1723 Guetbling
484 1637 593 1723 (praef.
618 1637 721 1722 VIII),
745 1637 855 1702 scribit
877 1641 984 1728 tamen
1007 1656 1103 1721 nepos
1126 1637 1217 1702 codd.
1238 1637 1410 1702 deteriores

288 1772 426 1834 secutus.
450 1766 604 1850 intelligit
626 1784 701 1849 ergo
725 1785 826 1828 unum
851 1783 869 1828 e
890 1765 1025 1849 posteris
1049 1763 1120 1848 (een
1146 1764 1268 1846 naneef,
1291 1768 1329 1827 ut
1352 1783 1410 1828 nos

198 1932 201 1938 ·
288 1892 448 1976 dicimus).
482 1893 526 1955 At
557 1910 662 1976 neque
694 1890 840 1954 vocabuli
865 1909 994 1954 sensum
1019 1909 1155 1954 novasse
1178 1891 1264 1974 (vide
1287 1888 1411 1972 Burm.)

289 2019 424 2084 Ovidius
448 2019 526 2082 mihi
548 2018 683 2100 videtur,
705 2037 811 2102 neque
834 2017 1013 2082 accuratius
1034 2018 1216 2100 designasse
1236 2019 1410 2082 necessitu-

289 2147 396 2210 dinem
428 2148 512 2210 inter
542 2146 694 2209 Amorem
727 2150 759 2209 et
782 2146 980 2228 Augustum.
1004 2144 1076 2209 Scio
1099 2146 1228 2230 quidem
1254 2147 1410 2208 minutam

288 2275 414 2359 generis
438 2273 683 2356 descriptionem
707 2272 872 2336 adamasse
894 2275 1019 2355 poetam
1044 2278 1190 2336 nostrum
1211 2310 1251 2318 -
1272 2273 1326 2336 cni
1346 2275 1414 2336 stu-

290 2401 341 2464 dio
377 2402 412 2463 in
447 2398 589 2463 Ponticis
625 2417 755 2481 quoque
786 2397 921 2462 indulsit
945 2417 972 2461 c.
984 2419 1016 2481 g.
1041 2397 1076 2461 P.
1100 2397 1142 2479 Π,
1167 2398 1216 2461 ll.
1242 2435 1283 2444 -
1308 2403 1340 2461 at
1363 2396 1414 2461 hic

289 2545 398 2592 vereor
421 2544 461 2589 ne
484 2524 606 2588 librarii
630 2525 670 2587 sit
694 2524 889 2587 emendatio:
918 2521 1062 2606 „Caesam
1088 2522 1127 2586 ab
1149 2523 1260 2588 Aenea
1284 2527 1332 2587 est
1357 2525 1413 2606 qui

287 2649 346 2714 tibi
368 2650 464 2714 fratre
488 2647 730 2732 nepos.''vJure‚
754 2650 874 2731 opinor,
896 2647 987 2712 Korn
1012 2648 1200 2714 etMerke12
1224 2653 1414 2733 receperunt

288 2780 370 2839 tuus.
394 2775 443 2840 Ne
465 2779 497 2839 te
520 2774 658 2838 offendat
680 2780 788 2840 autem
809 2773 866 2838 tibi
888 2810 930 2821 -
954 2779 1034 2858 tuus,
1057 2777 1161 2858 cogita
1184 2776 1316 2840 deloco

289 2975 326 3041 P.
339 2974 440 3059 III‚4,
454 2975 538 3037 1-2
564 2976 642 3039 haee
664 2974 723 3038 tibi
745 2994 811 3038 non
835 2994 954 3039 vanum
979 2978 1136 3058 portantia
1162 2976 1258 3040 verba
1278 2977 1411 3040 salutem

564 3098 651 3163 Naso
673 3099 839 3164 Tomitana
863 3101 959 3164 mittit
984 3099 1023 3164 ab
1047 3100 1127 3164 urbe
1151 3107 1237 3167 tuus.

291 3495 327 3562 P.
340 3495 399 3579 111,
413 3497 495 3580 3,87
521 3495 598 3559 dum
623 3495 738 3560 domus
762 3502 793 3561 et
817 3499 891 3580 nati,
915 3498 991 3560 dum
1018 3503 1120 3560 mater
1141 3495 1232 3558 Livia
1254 3495 1381 3578 gaudet,

524 3621 600 3683 dum
625 3621 757 3704 gaudee,
780 3623 899 3706 patriae
923 3641 1038 3706 magne
1062 3622 1219 3704 ducisque
1240 3625 1338 3704 pater,

525 3747 602 3811 dum
625 3747 687 3811 sibi
708 3753 855 3831 gratatur
874 3749 1022 3832 populus,
1042 3753 1206 3832 totamque
1225 3766 1282 3831 per
1300 3746 1412 3811 urbem

526 3875 630 3939 omnis
655 3873 795 3939 odoratis
817 3874 948 3959 ignibus
971 3895 1026 3939 ara
1049 3876 1141 3958 calet,

525 4002 603 4066 dum
630 4001 739 4066 faciles
763 4002 868 4067 aditus
892 4002 1021 4086 praebet
1044 4001 1225 4066 venerabile
1248 4007 1392 4087 tempus:

526 4128 719 4211 sperandum
745 4133 792 4194 est
815 4134 939 4192 nostras
962 4147 1056 4212 posse
1081 4130 1186 4193 valere
1209 4147 1328 4212 preces.

340 4326 467 4390 Utinam
500 4327 690 4410 explicasset
722 4327 947 4412 (luethlingius
976 4328 1059 4392 illud
1086 4327 1266 4392 venerabile
1289 4333 1415 4410 tempus

291 4449 344 4535 (cf.
369 4451 435 4535 85),
460 4452 546 4534 quod
568 4452 702 4534 repandi
724 4457 845 4533 tempus
868 4453 938 4537 (III,
965 4455 992 4536 1,
1018 4455 1096 4540 129)
1120 4455 1170 4518 vel
1189 4460 1297 4534 aptum
1312 4452 1413 4534 preci·
