3356 5294
370 1739 408 1803 In
437 1742 599 1824 prooemio
628 1741 726 1804 trium
757 1741 899 1824 priorum
928 1739 1085 1805 librorum
1108 1761 1150 1806 ex
1173 1741 1276 1806 Ponto
1299 1761 1318 1804 a
1341 1740 1443 1806 Bruto

328 1867 430 1929 amico
452 1866 528 1930 huic
552 1866 639 1950 operi
661 1863 796 1930 Romam
818 1867 915 1931 misso
935 1866 1110 1951 hospitium
1122 1870 1200 1953 petit
1212 1866 1355 1951 Ovidius,
1368 1887 1442 1932 nam

372 2039 407 2103 P.
430 2040 454 2124 Ι,
480 2041 505 2124 l,
530 2041 549 2103 5
572 2039 700 2126 publica
723 2060 787 2104 non
807 2041 927 2104 audent
951 2042 1036 2106 intra
1060 2045 1257 2107 monimenta
1280 2043 1398 2125 venire,

578 2186 619 2231 ne
641 2187 721 2231 suus
744 2167 804 2230 hcc
826 2167 890 2231 illis
916 2167 1065 2232 clauserit
1088 2174 1199 2233 auctor
1221 2170 1289 2233 iter.

373 2342 527 2426 Agnoscit
560 2342 612 2404 hic
645 2340 831 2407 Ehwaldius
864 2341 1053 2425 particulam
1091 2341 1323 2423 affirmativam,
1347 2360 1442 2424 quam

329 2465 399 2530 aliis
431 2484 561 2549 quoque
592 2462 699 2528 Ovidii
730 2465 809 2529 locis
831 2465 937 2530 ,latere
960 2466 1122 2529 contendit
1134 2463 1165 2546 ¹).
1189 2464 1324 2550 Sapiunt
1345 2465 1443 2548 igitur

329 2591 437 2675 libelli,
465 2593 551 2676 quod
574 2590 779 2656 bibliothecas
804 2591 949 2676 publicas
972 2593 1091 2655 intrare
1115 2597 1273 2656 verentur.
1297 2592 1341 2655 At
1364 2611 1441 2654 num

329 2718 407 2783 haec
437 2719 540 2783 dicere
568 2718 706 2781 voluerit
735 2721 836 2801 poeta,
864 2717 986 2800 dubito,
1008 2737 1080 2782 cum
1105 2720 1212 2802 polius
1235 2717 1362 2781 timidos
1384 2715 1443 2780 fin·

329 2847 383 2927 gat
411 2842 509 2907 libros
540 2862 615 2908 suos
645 2841 703 2925 (Tr.
734 2841 759 2924 1,
795 2843 821 2924 1,
854 2841 903 2905 95.
935 2841 993 2925 ΙΠ,
1018 2844 1046 2926 1,
1073 2843 1101 2924 l)
1125 2847 1156 2906 et
1180 2842 1243 2907 lere
1266 2861 1442 2926 numquam

330 2969 471 3052 Augusti
493 2967 708 3052 indulgentiae
731 2965 860 3030 diffidat.
884 2965 963 3030 Rem
982 2968 1091 3051 itaque
1109 2969 1143 3030 in
1163 2968 1267 3032 medio
1287 2967 1443 3051 relinquis

330 3095 358 3158 si
382 3096 541 3158 notionem
567 3093 730 3157 metuendi
753 3111 827 3156 oum
851 3091 1019 3176 1115155οὲ)
1043 3092 1149 3158 verbis
1172 3112 1237 3156 aaa
1259 3093 1375 3157 cudent
1398 3098 1444 3156 at·

330 3219 454 3284 tribuis.
488 3217 645 3283 Laudavit
677 3219 728 3282 hic
759 3217 793 3282 P.
824 3217 849 3301 Ι,
881 3218 931 3301 10,
964 3218 1100 3281 15-16.
1130 3219 1186 3302 Ν,
1221 3220 1271 3302 15,
1295 3217 1442 3282 29-30:

329 3345 410 3408 addo
441 3343 517 3409 Her.
548 3343 607 3428 IX,
640 3346 690 3409 35.
722 3346 830 3409 Amor.
862 3344 903 3420 ΙΙ,
928 3346 957 3427 5,
982 3347 1032 3410 53.
1056 3345 1150 3429 Prop.
1173 3345 1230 3428 IV,
1256 3347 1305 3427 ll,
1332 3346 1351 3408 9
1374 3364 1443 3428 sqq.

330 3469 417 3553 (Luc.
448 3469 592 3550 Mueller)
624 3469 757 3533 Martial.
788 3469 813 3546 I,
844 3471 895 3551 35,
929 3471 978 3532 ll.
1003 3468 1091 3546 Quae
1115 3471 1284 3554 explicatio
1307 3473 1444 3553 praestat

330 3602 361 3661 51
391 3595 478 3680 quod
506 3594 661 3678 particula
691 3614 758 3677 aaa,
782 3599 939 3678 quantum
963 3595 1114 3679 indagare
1136 3595 1236 3678 potui,
1258 3613 1323 3657 non
1347 3599 1444 3656 utun·

329 3729 382 3786 tur
392 3721 416 3805 ³)
441 3726 550 3805 poetae
571 3723 719 3805 Augusto
742 3720 891 3804 aequales
914 3725 946 3785 et
969 3720 1055 3804 quod
1078 3724 1259 3803 sequuntur
1281 3717 1377 3784 verba

332 3913 477 3922 n—--——-

362 4041 388 4106 1)
407 4039 525 4092 Ehwali
542 4037 658 4108 Symbol.
676 4038 712 4106 ΙΙ,
730 4054 789 4107 pag.
810 4041 835 4091 9.

362 4133 389 4199 2)
406 4131 527 4184 Bernard
557 4131 662 4199 Dinter,
688 4130 721 4183 de
747 4130 839 4184 Ovidii
865 4145 899 4182 ex
925 4125 1009 4180 Ponto
1034 4129 1110 4182 libris
1136 4129 1322 4184 commentatio
1348 4128 1444 4197 prima.

330 4223 446 4292 Grimae,
463 4227 535 4275 1858.
552 4239 612 4292 pag.
632 4225 659 4276 7.

362 4318 389 4378 3)
408 4314 532 4367 Bureiani
554 4318 629 4368 nunt.
652 4313 741 4367 annal.
758 4312 860 4381 xum,
876 4315 935 4366 231.
951 4313 1063 4366 Ehwald
1080 4314 1114 4367 ad
1132 4314 1196 4367 Met.
1213 4313 1263 4381 IX,
1279 4315 1343 4366 492:
1360 4329 1394 4365 ne
1411 4328 1445 4364 :

329 4421 380 4458 nae
395 4406 430 4458 151
447 4406 491 4458 fur
508 4407 578 4461 Ovid
595 4408 656 4459 sehr
672 4405 794 4474 fraglich.
