3356 5294
302 966 337 1031 Ρ.
350 967 375 1052 Ι,
388 971 416 1051 2,
430 969 468 1032 97
482 969 527 1048 (9)
547 967 578 1031 di
590 967 706 1031 faciant
717 968 824 1050 igitur,
836 984 972 1050 quorum
983 966 1181 1047 justissimus
1192 965 1260 1048 ipse
1273 969 1321 1028 est

546 1092 629 1157 alma
651 1092 729 1155 nihil
754 1092 858 1155 maius
883 1089 1014 1154 Caesare
1037 1094 1121 1154 terra
1143 1089 1231 1171 ferat,

516 1199 517 1202 ¹
547 1222 646 1300 utque
668 1217 723 1281 diu
748 1215 807 1280 sub
831 1234 867 1279 eo
892 1216 940 1280 sic
964 1216 1006 1279 sit
1029 1215 1089 1279 sub
1114 1214 1245 1279 Caesare
1268 1220 1361 1298 terra,

482 1331 490 1346 '
546 1361 666 1426 perque
690 1361 804 1424 manus
828 1342 925 1405 huius
949 1341 1062 1405 tradita
1083 1342 1187 1424 gentis
1212 1345 1269 1407 eat.

348 1528 435 1592 Inter
465 1529 523 1592 hoe
556 1546 668 1591 versus
696 1528 737 1589 99
762 1527 951 1611 depravatus
974 1532 1031 1591 eet.
1054 1526 1196 1591 Kornine
1216 1527 1281 1609 jam
1306 1526 1418 1610 proba-

306 1655 351 1718 vit
381 1653 531 1717 mendum
563 1673 628 1717 non
658 1653 756 1717 latere
778 1655 812 1716 in
836 1652 941 1716 verbis
965 1655 1125 1728 extremis
1149 1671 1231 1736 quae
1254 1657 1419 1717 mutarunt

304 1781 442 1864 primurn
474 1779 597 1843 codices
628 1779 750 1863 aliquot
783 1779 896 1844 deinde
923 1776 1077 1866 Heinsius
1100 1779 1163 1843 alii.
1185 1778 1264 1842 Inde
1286 1780 1420 1862 conjecit

303 1905 405 1969 idem:
433 1905 501 1970 uiuo
523 1905 621 1970 subsit
643 1905 743 1987 (Bem.
768 1905 819 1987 10)
844 1905 894 1969 vel
917 1905 1001 1969 salvo
1023 1906 1071 1986 (ut
1094 1905 1192 1969 edidit
1217 1905 1321 1989 1868),
1345 1905 1420 1970 Rie-

305 2032 373 2097 siue
396 2030 481 2095 soluo
503 2031 618 2116 vipcat3
645 2031 819 2095 Merkelius
843 2031 882 2095 de
905 2032 1124 2096 emendatione
1147 2031 1292 2116 desperat
1314 2037 1345 2097 et
1368 2053 1418 2096 vv.
1465 2061 1468 2066 ¹

308 2157 457 2220 97-100
490 2177 586 2222 sensu
618 2176 724 2222 carere
755 2157 925 2221 contendit.
955 2157 1034 2220 Mihi
1063 2177 1119 2241 pro
1142 2157 1198 2222 sub
1220 2159 1307 2222 eoin
1331 2177 1419 2222 men-

306 2287 370 2346 tem
403 2283 548 2346 veniunt:
581 2282 671 2361 cupio
685 2281 705 2363 1)
737 2281 788 2344 vel
809 2301 927 2344 summo
950 2281 1044 2362 (Fast.
1065 2281 1091 2364 Ι,
1115 2282 1198 2362 608).
1220 2282 1265 2346 At
1287 2284 1314 2346 si
1337 2284 1420 2347 inter

306 2425 341 2470 se
362 2406 550 2489 respondere
574 2406 689 2470 debent
711 2412 747 2469 at
769 2410 800 2470 et
818 2405 863 2469 sic
885 2406 932 2488 (P.
956 2405 1015 2488 ΙΠ,
1040 2408 1069 2487 3,
1095 2406 1147 2488 71)
1173 2407 1298 2470 malim:

416 2609 516 2687 utque
540 2605 596 2668 diu
618 2604 695 2668 Iove
719 2604 779 2668 sub
793 2607 816 2686 2)
841 2607 887 2668 sio
910 2606 951 2668 sit
975 2604 1034 2668 sub
1059 2603 1191 2669 Caesare
1214 2610 1297 2669 terra

308 2801 345 2865 cf.
378 2801 451 2865 Met.
485 2801 543 2884 VI,
580 2802 641 2865 178
678 2821 728 2865 me
763 2803 849 2886 regia
885 2801 995 2866 Cadmi
1030 2802 1090 2867 sub
1115 2803 1242 2866 domina
1266 2810 1321 2869 est.
1344 2804 1421 2869 Her.

290 2926 397 3028 'VHL
434 2929 474 2990 78
510 2926 684 2991 clamabam
723 2929 812 3008 „sine
843 2946 903 3010 me,
934 2947 985 2992 me
1008 2929 1084 3010 sine,
1108 2933 1216 3009 mater,
1239 2927 1353 2992 abis?”
1377 2927 1423 2994 Di

307 3051 431 3137 focium
460 3053 618 3138 duplicem
642 3054 909 3118 constructionem
935 3054 1084 3136 admittit,
1105 3055 1143 3118 de
1166 3075 1229 3138 qua
1253 3055 1419 3119 consulen-

281 3179 369 3262 dus
400 3177 551 3244 Owenius
583 3179 730 3259 (Tristia.2
760 3179 850 3243 Book
881 3179 906 3242 Ι.
931 3179 1052 3244 Oxlord
1079 3181 1171 3243 1890.
1195 3179 1281 3265 adl,
1309 3183 1336 3264 l,
1359 3183 1420 3262 58).

172 3307 173 3312 ’
308 3303 490 3384 Litteraee
519 3305 698 3388 frequentia
727 3309 759 3368 et
780 3305 836 3370 aab
857 3306 1005 3370 iteratum
1031 3305 1118 3387 (Met.
1142 3305 1232 3389 VIII,
1257 3308 1331 3387 741)
1355 3327 1420 3371 non

310 3429 478 3513 displicent
512 3449 571 3494 nec
605 3449 705 3514 asper
730 3449 880 3494 sonorum
916 3450 1092 3496 concursus
1114 3432 1148 3494 in
1172 3432 1216 3494 sio
1237 3433 1278 3495 sit
1300 3432 1358 3513 (Tr.
1382 3433 1421 3515 V,

293 3556 340 3637 ’3,
365 3555 415 3618 39.
437 3553 472 3618 Ρ.
496 3554 537 3636 ΙΙ,
561 3557 592 3639 8,
614 3556 676 3638 45).
696 3553 898 3639 Redarguere
922 3555 1060 3639 denique
1081 3557 1115 3618 in
1136 3557 1242 3619 animo
1262 3561 1320 3640 est,
1339 3576 1422 3641 quae
1482 3587 1488 3602 ·

310 3678 481 3743 Merkelius
504 3668 627 3762 objecit.
652 3679 772 3746 Vertit:
797 3667 858 3763 „di
877 3681 961 3743 inter
982 3700 1063 3764 quos
1080 3682 1148 3765 ipse
1161 3680 1284 3764 Caesar,
1296 3681 1423 3764 faciant,

311 3811 348 3869 ut
377 3805 437 3870 sub
468 3805 527 3868 hoo
558 3810 640 3871 terra
662 3806 733 3870 sit.''
757 3805 936 3871 Offenderet
957 3807 1102 3889 eundem,
1126 3808 1227 3890 cred0,
1251 3807 1286 3872 Ρ.
1309 3807 1368 3892 ΙΠ,
1393 3809 1423 3892 9,

313 3931 364 4014 al,
389 3937 504 4016 „atque
526 3933 571 3995 ita
594 3931 626 3995 di
649 3933 741 3996 mites
766 3934 913 3996 minuant
936 3933 1014 3995 mihi
1037 3931 1179 3996 Caesaris
1201 3933 1302 3996 iram”
1326 3940 1357 3998 et
1470 4025 1473 4032 Δ

346 4249 371 4313 1)
397 4247 441 4300 Tr.
467 4247 501 4315 V,
523 4251 548 4316 6,
564 4251 604 4302 20.
621 4249 690 4300 Fast.
708 4213 744 4316 ll,
762 4251 794 4300 64
812 4248 908 4314 (opto).
926 4247 990 4299 Her.
1009 4251 1048 4316 13,
1064 4252 1097 4303 49
1116 4252 1240 4318 (precor).
1258 4251 1302 4302 Tr.
1321 4251 1342 4318 Ι,
1358 4254 1381 4319 2,
1398 4251 1425 4302 3.

311 4335 461 4404 nrum
597 4379 602 4392 .

346 4429 588 4498 mmmm
