3356 5294
840 566 902 626 42·

356 772 522 837 Venerunt
545 775 628 838 enim
653 775 686 837 in
712 778 847 838 mentem
872 773 1019 840 videlicet
1041 774 1111 857 loci,
1135 776 1244 859 quales

304 956 356 1023 Tr.
392 958 418 1041 1,
443 959 470 1041 1,
494 959 534 1022 57
569 964 605 1023 tu
625 964 733 1023 tamen
752 962 764 1023 i
784 979 840 1043 pro
859 979 920 1042 me,
938 966 984 1043 tu,
1003 962 1057 1025 cui
1076 961 1158 1043 licet,
1171 962 1275 1045 aspice
1286 961 1420 1025 Romam

305 1081 354 1146 Tr.
378 1083 417 1167 V,
440 1085 470 1167 4,
494 1087 513 1148 3
534 1155 537 1162 .
569 1084 808 1169 qnimihiflens
822 1084 1418 1171 dixit„tu,cuilicet‚aspiceRomam.''

305 1206 356 1271 Tr.
369 1208 428 1291 111,
442 1210 492 1292 12,
504 1211 545 1272 25
569 1229 587 1273 c
619 1214 809 1294 quater...
840 1210 969 1275 beatum
994 1229 1058 1274 non
1081 1211 1248 1276 interdicta
1271 1212 1324 1275 cui
1346 1213 1421 1276 licet

1246 1337 1334 1403 Urbe
1355 1337 1420 1402 frui
1452 1397 1455 1404 .

303 1460 486 1544 nr.111‚14‚
501 1462 540 1524 12
564 1461 642 1526 urbe
673 1467 779 1527 tamen
803 1463 886 1527 natis
909 1464 1032 1528 exsulis
1056 1483 1125 1530 esse
1148 1466 1222 1528 licet
1269 1458 1278 1477 '

305 1585 340 1649 P.
365 1585 424 1668 HI,
460 1588 489 1669 5,
500 1589 542 1650 48
566 1589 668 1671 gratia
691 1588 749 1672 dis,
774 1589 873 1653 menti
895 1588 1037 1672 quolibet
1058 1590 1105 1654 ire
1127 1589 1201 1655 licet
1304 1639 1311 1653 .

305 1708 340 1773 P.
379 1710 421 1794 ΙΙ,
457 1713 486 1794 2,
522 1711 645 1778 8urbo
666 1714 740 1778 licet
763 1720 868 1779 vestm
891 1715 1037 1781 versibus
1061 1734 1131 1780 esse
1154 1717 1234 1780 mois

314 1967 316 1974 ¹
351 1894 439 1973 Quae
472 1903 577 1964 tamen
612 1900 757 1985 exempla
787 1921 851 1966 non
883 1903 1070 1986 impediunt,
1094 1903 1267 1987 quominus
1290 1902 1421 1966 alteram

307 2042 435 2107 quoque
466 2001 734 2091 constructionem
765 2028 850 2111 apud
879 2025 1030 2092 Ovidium
1054 2028 1240 2112 comprobes
1264 2047 1322 2090 nec
1345 2027 1421 2092 baec

273 2205 278 2218 .
306 2150 390 2214 valet
423 2150 495 2215 lex:
534 2153 700 2236 „expedita
734 2173 879 2238 quaeque
909 2155 1129 2219 tantummodo
1159 2173 1229 2219 esse
1251 2153 1421 2238 genuina.’'

306 2274 433 2341 Monuit
462 2283 493 2342 et
512 2249 674 2362 'Korniua
705 2299 747 2344 nc
777 2281 882 2345 omnia
912 2286 968 2344 aut
990 2281 1031 2345 ad
1053 2301 1148 2345 unam
1173 2281 1288 2345 autad
1310 2280 1420 2345 facilli-

243 2399 247 2406 ’
307 2422 390 2466 marn
421 2404 574 2468 rationem
607 2407 827 2471 accomodatas
839 2405 871 2489 ¹).
902 2405 1057 2491 Displicet
1087 2406 1201 2471 deinde
1231 2406 1311 2470 illud
1341 2406 1422 2489 pact,

307 2547 402 2611 qnam
436 2527 569 2592 formam
605 2532 740 2614 priscam
775 2550 816 2595 ex
847 2533 1035 2616 antiquitate
1057 2533 1217 2597 revocavit
1241 2530 1421 2616 Madvigius

307 2654 452 2732 (Advers.
485 2654 527 2739 Π,
552 2658 626 2735 102)
651 2663 687 2722 ut
709 2659 923 2740 conjecturam
948 2678 1037 2722 snam
1060 2657 1288 2724 verisimilem
1312 2658 1421 2722 redde

282 2793 284 2798 ’
306 2785 354 2842 ret
365 2773 406 2860 1’);
432 2786 614 2845 constanter
637 2785 722 2846 enim
746 2784 870 2848 codices
894 2783 1044 2867 praebent
1066 2784 1149 2865 quod
1171 2803 1230 2849 nec
1252 2785 1315 2869 qui,
1336 2783 1422 2868 qnod

307 2925 364 2990 pro
393 2906 445 2970 oui
470 2907 635 2972 invenitur
656 2911 690 2972 in
713 2910 879 2974 nonnullis
903 2910 1066 2976 codicibus
1090 2909 1155 2995 e.'g.
1177 2910 1268 2975 Trist.
1290 2909 1332 2992 11,
1356 2910 1420 2972 460

307 3029 359 3109 (cf.
383 3029 506 3096 Owcnii
530 3032 762 3126 adnotationem
785 3035 947 3113 criticam).
971 3034 1116 3100 ceterum
1139 3054 1181 3100 no
1203 3034 1326 3099 Catullo
1350 3035 1420 3118 qni-

308 3155 379 3221 dem
402 3158 465 3221 nisi
488 3157 668 3223 dubitanter
689 3159 762 3244 quoi
780 3158 972 3223 adscribitur
990 3158 1167 3244 (Baehrens
1185 3161 1220 3223 in
1232 3159 1296 3225 edit
1308 3158 1420 3223 Gatnll.

307 3282 424 3366 proleg.
459 3304 488 3368 p.
524 3285 582 3366 503
606 3285 646 3349 ad
669 3285 780 3350 Catuli.
802 3284 828 3367 I,
854 3287 879 3348 1.
902 3284 1074 3370 Baehrens,
1096 3284 1206 3366 Riese3
1229 3284 1263 3349 1.
1286 3285 1421 3350 Mueller

309 3407 348 3471 de
370 3426 405 3472 ro
429 3408 530 3472 metr.2
552 3429 582 3494 p.
604 3410 638 3472 31
649 3408 690 3495 7).
711 3408 799 3486 Quae
818 3429 891 3474 cum
911 3411 1032 3475 incerta
1043 3411 1107 3474 sint
1119 3409 1202 3474 malo
1215 3408 1419 3494 Guethlingio

309 3536 465 3618 assentiri,
496 3555 591 3619 qnem
622 3556 719 3621 supra
749 3525 910 3621 descripsi.
941 3535 1012 3599 Hoc
1043 3553 1150 3600 meum
1174 3534 1277 3599 solum
1302 3533 1420 3598 Romae

308 3662 496 3724 commorari
518 3666 783 3746 concessumst,
806 3662 902 3726 huius
925 3661 1103 3746 praesentia
1121 3679 1186 3723 non
1206 3663 1419 3743 vetatunpro·

342 3997 370 4062 1)
396 3998 427 4050 ld
452 3997 547 4051 vitium
572 3997 672 4050 centies
688 3997 802 4052 occurrit
818 3997 848 4049 in
865 3996 939 4050 codd.
956 3995 1120 4060 Heinsianis‚
1136 3997 1167 4048 ut
1183 3995 1281 4063 passim
1298 3994 1421 4046 observat

309 4089 385 4141 Korn
408 4090 437 4141 in
460 4090 586 4157 opusculo
610 4089 732 4141 cherlr.
756 4107 778 4140 z.
796 4088 1063 4141 Handsolrriftkunde
1079 4087 1127 4140 der
1144 4085 1352 4141 Ovidianiscben
1368 4083 1422 4134 Ba-

309 4183 423 4234 chorax
441 4182 526 4234 Ponto
544 4181 687 4251 (gymnasii
705 4181 866 4234 Vesaliensis
882 4197 971 4248 progr.
988 4179 1072 4240 1866).

344 4275 370 4334 2)
389 4274 464 4326 Idem
481 4274 599 4327 studium
614 4273 704 4342 arguit
720 4274 750 4325 L.
767 4273 891 4325 Muelleri
907 4273 1059 4340 conjectura
1077 4270 1135 4322 nrt.
1154 4271 1196 4330 lll,
1210 4271 1259 4321 655
1274 4271 1365 4336 (pacm
1373 4283 1422 4334 pro

311 4367 430 4432 qaoque).
458 4365 602 4418 Diversum
619 4368 756 4432 praeterea
773 4362 923 4441 corrigendi
939 4377 1023 4430 genus
1040 4364 1087 4426 eet,
1104 4359 1175 4428 qnod
1192 4360 1257 4412 citat
1273 4357 1423 4425 Madvigius

312 4457 331 4508 l.
347 4456 374 4523 1.,
397 4472 460 4509 nam
477 4456 589 4509 Advers.
608 4458 628 4522 1,
644 4458 677 4508 68
695 4455 760 4508 dicit
777 4455 810 4507 de
829 4455 963 4508 erroribus
978 4469 1013 4505 ex
1030 4454 1095 4520 quoi
1110 4467 1158 4517 pro
1174 4449 1220 4503 cui
1235 4449 1334 4517 scripto
1351 4448 1422 4500 ortis
