3356 5294
839 551 900 631 rs,

307 761 356 826 Tr.
379 761 419 845 V,
445 761 494 843 13,
519 763 556 823 21
588 808 592 817 .
638 780 717 824 cana
739 761 829 844 prius
847 760 955 845 'gelido
979 761 1084 826 desint
1106 760 1265 827 absinthia
1287 762 1390 827 Ponto

309 887 399 952 Pont.
422 886 481 970 III,
506 889 535 970 1,
561 889 598 949 19
634 906 713 968 rara,
722 904 827 969 neque
835 886 912 951 hacc
920 885 1048 968 felix,in
1057 890 1174 972 apertis
1183 885 1206 967 1)
1215 889 1332 952 eminet
1340 890 1442 955 arvis.
1480 899 1482 902 ’

637 1012 729 1077 arbor
752 1017 783 1076 et
806 1013 839 1076 in
864 1018 948 1077 terra
971 1020 1019 1078 est
1042 1015 1141 1079 altera
1162 1014 1264 1078 forma
1286 1017 1391 1080 maris.

638 1157 704 1201 non
723 1138 791 1202 avis
812 1137 997 1221 obloquitur
1012 1141 1075 1203 nisi
1089 1140 1179 1204 silvis
1192 1142 1285 1224 siqua
1295 1142 1425 1205 remotis

638 1282 812 1347 aequoreas
835 1283 932 1328 rauco
955 1269 1085 1349 gutture
1108 1271 1195 1350 potat
1217 1286 1326 1350 aquae.

309 1389 346 1454 ot
370 1389 409 1454 de
432 1387 562 1471 Scythia
585 1387 658 1452 Met.
682 1387 772 1470 VIH,
797 1390 860 1452 779
884 1409 930 1473 sq.
954 1390 1041 1475 Virg.
1062 1389 1174 1475 Georg.
1193 1391 1252 1473 111,
1273 1393 1336 1455 353
1356 1412 1425 1476 sqq.

308 1516 422 1600 Itaque
445 1535 521 1601 ager
542 1515 728 1580 Tomitanus
751 1520 800 1581 ast

547 1661 647 1727 purus
670 1641 710 1706 ab
733 1640 901 1706 arboribus
926 1641 1107 1725 spectabilis
1131 1643 1273 1726 undique
1295 1662 1426 1727 campus

308 1773 341 1833 et
359 1767 456 1856 nulliq
476 1767 642 1832 arboribus
661 1768 725 1851 tegi
745 1771 817 1851 apte
829 1766 954 1850 dicitur,
967 1788 1160 1853 quamquam
1174 1769 1244 1835 leve
1257 1770 1426 1835 discrimen

309 1912 379 1958 csse
409 1893 564 1972 conced03
596 1911 654 1956 neo
685 1891 865 1975 displiceret
895 1894 1077 1975 conjecturs
1102 1894 1256 1994 ‘Vaticani
1282 1895 1427 1960 simodo

310 2020 540 2082 assentirentur
561 2017 677 2101 reliqui
699 2017 833 2100 codices,
857 2037 931 2081 nam

750 2175 763 2212 s
921 2143 1011 2208 locus
1035 2150 1083 2210 est
1105 2146 1285 2212 inamabilis
1308 2153 1340 2211 et
1363 2166 1427 2231 quo

356 2288 425 2335 esse
448 2253 529 2333 dihil
552 2274 617 2334 toto
640 2270 764 2350 tristius
787 2269 862 2333 orbe
879 2245 997 2354 potest.
1022 2271 1080 2352 (Tr.
1105 2271 1144 2354 V,
1169 2273 1197 2353 7,
1221 2273 1263 2335 43
1287 2272 1353 2355 sq).

356 2396 514 2479 Adjectivi
545 2415 641 2460 usum
673 2414 691 2460 e
721 2395 857 2478 Virgilio
888 2398 1051 2480 cognitum
1082 2416 1179 2480 supra
1201 2397 1349 2460 vidimus.
1372 2395 1426 2461 Nil

312 2543 393 2607 opus
422 2524 520 2607 igitur
551 2523 697 2607 exempla
722 2541 740 2586 e
764 2521 883 2587 Seneca
905 2527 937 2586 et
960 2521 1176 2598 Quinctiliano
1201 2523 1305 2586 citare.
1329 2522 1426 2585 Acoe-

313 2648 358 2711 dit
393 2647 479 2731 quod
514 2645 615 2711 Olirtii
645 2648 735 2711 locus
767 2647 818 2730 (V,
849 2651 878 2724 4,
910 2648 970 2729 13),
996 2667 1090 2732 quem
1114 2667 1187 2712 cum
1211 2648 1274 2712 illis
1297 2647 1427 2712 laudant

312 2773 512 2858 elegantioris
542 2774 698 2854 sermonis
728 2773 873 2855 studiosi,
899 2773 1031 2857 perinde
1055 2773 1094 2837 ad
1118 2792 1220 2838 meam
1243 2773 1427 2858 explicatio-
1478 2793 1481 2800 ¹

207 2931 211 2940 ·
312 2918 385 2964 nem
410 2899 493 2964 facit
516 2897 648 2984 Legitur
670 2900 755 2964 enim
779 2897 824 2963 ibi
846 2891 985 2982 primum
1012 2901 1138 3000 ,omnia
1161 2901 1287 2984 contegi
1309 2898 1428 2963 frondi·

312 3023 403 3089 bus’'.
427 3023 593 3108 Sequitur:
622 3023 759 3108 ,platani
783 3043 912 3108 quoque
936 3030 966 3091 et
989 3026 1099 3110 populi
1119 3017 1295 3110 contegunt
1312 3022 1429 3108 ripas'',

313 3150 427 3214 deinde
448 3151 481 3214 in
504 3149 569 3214 fine
592 3151 691 3214 oratio
714 3150 870 3215 variatur:
900 3151 1015 3233 ,oollae
1038 3150 1206 3216 frondibus
1229 3149 1335 3216 laeti²’.

314 3607 349 3672 P.
372 3605 397 3691 I,
420 3609 449 3685 2,
474 3606 515 3670 63
539 3626 598 3672 neo
628 3612 733 3672 tamen
761 3607 896 3672 ulterius
920 3608 1091 3691 quicquam
1115 3626 1247 3691 sperove
1269 3626 1429 3692 precorve,

534 3752 630 3816 quam
656 3714 737 3797 male
760 3737 882 3797 mutato
905 3750 999 3816 posse
1022 3750 1128 3797 carere
1152 3732 1230 3796 loco.

359 3917 569 4002 Oonjecerunt
591 3920 666 3984 olim
689 3919 843 3986 Heinsius
865 3921 1022 4004 mutando,
1044 3921 1209 3986 Bentloius
1223 3927 1353 3986 morato
1376 3920 1427 3984 vel

319 4137 464 4148 ——-..

348 4287 376 4355 l)
394 4289 447 4343 Gio.
464 4290 497 4342 do
513 4289 567 4342 div.
585 4290 607 4358 I,
623 4292 664 4358 42,
680 4293 712 4342 93
730 4289 859 4358 Aegyptii
875 4292 902 4342 et
919 4289 1062 4358 Babylonii
1077 4290 1107 4343 in
1114 4307 1268 4359 camporum
1277 4290 1426 4359 patentium

299 4380 474 4449 ‚aequoribus
490 4382 648 4450 habitantes,
663 4397 724 4434 oum
741 4393 778 4433 ox
794 4384 866 4434 terra
884 4381 953 4433 nihil
969 4383 1105 4450 emineret,
1120 4383 1191 4452 quod
1205 4381 1428 4451 contemplationi
1549 4399 1553 4404 ·

315 4471 381 4524 coeli
398 4471 502 4525 officere
519 4476 613 4541 posset,
629 4487 734 4527 omnem
750 4488 842 4525 curam
858 4472 889 4524 in
904 4471 1022 4525 siderum
1037 4473 1188 4542 cognitione
1204 4477 1360 4543 posuerunt.
