3356 5294
827 599 870 662 44

248 839 265 854 r
336 807 414 874 Levi
446 811 621 875 mutatione
651 810 749 895 igitur
780 814 904 874 textum
935 811 1076 894 corrupit
1098 809 1200 894 magis
1225 829 1321 893 quam
1344 828 1408 873 cor·

291 936 376 999 rexit
398 934 563 1018 Heinsius
587 935 855 1019 quemadmodum
881 940 1026 1000 errarunt
1048 934 1171 999 librarii
1194 934 1407 1018 P.111,4,2r‚

291 1059 348 1124 ubi
368 1060 469 1142 peratis
491 1062 686 1145 scripserunt
711 1080 823 1127 versus
848 1063 889 1124 25
914 1079 1080 1127 memores.
1092 1060 1209 1126 Nostro
1221 1065 1326 1125 autem
1340 1061 1408 1124 loco

292 1186 439 1250 codicum
463 1186 631 1252 concordia
654 1190 812 1272 scriptura
833 1187 946 1252 mentia
967 1187 1090 1252 nititur.
1109 1167 1115 1178 ⁴

289 1567 326 1634 P.
349 1568 391 1652 ΙΙ,
417 1571 445 1652 1,
468 1571 508 1633 37
533 1573 679 1654 protinus
702 1576 833 1656 argento
856 1589 965 1635 versos
987 1570 1144 1634 imitantia
1167 1589 1276 1633 muros
1301 1645 1310 1666 ι

533 1695 666 1759 barbara
688 1715 761 1760 cum
786 1697 878 1780 pictis
901 1696 1016 1780 oppida
1038 1696 1103 1759 lata
1124 1695 1210 1777 virle,

532 1821 732 1906 fluminaque
756 1827 786 1886 et
810 1825 933 1886 montes
955 1826 986 1886 et
1008 1823 1043 1885 in
1062 1821 1134 1886 altis
1152 1820 1271 1904 proelia
1290 1818 1380 1884 silvis

533 1967 685 2032 armaque
708 1969 780 2014 cum
802 1949 875 2014 telis
897 1951 932 2012 in
955 1953 1043 2012 strue
1065 1949 1168 2012 mixta
1190 1967 1259 2012 sua.

333 2119 382 2184 Ita
415 2122 514 2186 edidit
546 2121 689 2188 Kornius
722 2124 791 2190 cod.
826 2122 1067 2208 Hamburgensi
1099 2123 1189 2204 duce,
1222 2123 1276 2185 cui
1297 2124 1404 2184 tamen

288 2245 385 2311 fidem
409 2248 565 2334 denegant
588 2251 642 2314 alii
665 2252 775 2334 critici,
800 2253 876 2336 quia
897 2252 1107 2316 inveniuntur
1128 2250 1161 2312 in
1182 2249 1294 2314 ceteris
1313 2246 1425 2312 codd·

289 2374 480 2456 scripturae:
512 2395 606 2458 aeros,
635 2376 731 2460 oictia
755 2377 822 2440 auis
845 2376 914 2440 alia.
937 2377 1032 2441 Iuvat
1055 2395 1129 2459 ergo
1151 2375 1312 2438 illustrare
1333 2378 1403 2438 tex·
1445 2399 1449 2410 ·

288 2500 357 2559 tum
388 2496 599 2565 Kornianum.
631 2499 701 2564 Hoc
726 2503 928 2586 potissimum
951 2520 1084 2586 pompae
1105 2500 1307 2584 triumphalis
1329 2517 1403 2562 con·

289 2621 396 2688 silium
430 2624 500 2705 fuit,
536 2631 572 2690 ut
605 2627 731 2711 singula
765 2627 840 2692 belli
873 2628 1006 2693 feliciter
1035 2628 1116 2712 gesti
1146 2630 1306 2691 momenta
1329 2629 1402 2688 ante

289 2748 398 2811 oculos
421 2750 530 2834 populi
552 2752 592 2815 ad
616 2752 830 2836 spectaculum
856 2755 1073 2818 concurrentis
1096 2757 1297 2836 ponerentur,
1317 2750 1402 2834 quod

192 2865 195 2874 ’
287 2877 318 2936 et
348 2880 476 2957 apparet
505 2877 539 2939 in
562 2877 668 2942 verbis
692 2880 805 2945 citatis,
828 2878 1026 2943 Praeclaram
1050 2880 1135 2943 enim
1159 2876 1303 2942 Merkelii
1327 2895 1402 2940 con·

284 3000 440 3080 jecturam
468 3003 617 3086 (proelia),
641 3023 723 3088 quae
745 3023 809 3068 vox
830 3004 980 3068 facillime
1003 3006 1037 3067 in
1055 3002 1183 3088 perfluo
1206 3003 1257 3066 vel
1273 3001 1403 3086 prosim

288 3123 375 3193 abire
405 3129 509 3209 potuit
538 3128 641 3193 tribus
668 3130 780 3194 litteris
810 3130 969 3214 prioribus
1000 3149 1056 3213 per
1078 3129 1263 3212 compendia
1286 3129 1403 3192 usitata

288 3251 423 3334 scriptis,
445 3252 611 3317 confirmat
633 3254 722 3319 locus
746 3253 923 3319 Ovidianus
943 3255 980 3320 P.
1003 3255 1115 3350 111„4,
1139 3254 1180 3317 26

461 3417 640 3481 nutrissent
663 3437 791 3482 carmen
811 3419 998 3502 proeliaque
1019 3420 1089 3504 ipsa
1111 3437 1229 3484 meum.

330 3575 383 3640 Sic
423 3576 551 3644 Tacitus
593 3599 652 3644 nos
693 3581 786 3646 docet
826 3582 931 3648 annal.
966 3581 1008 3665 Π,
1043 3583 1103 3644 41:
1139 3580 1185 3664 (in
1221 3579 1402 3645 Germanici

285 3701 460 3785 triumpho)
491 3708 581 3768 vecta
611 3706 720 3789 spolia,
750 3709 876 3790 captivi,
907 3707 1078 3771 simulacra
1107 3708 1274 3789 montium,
1296 3678 1401 3771 tlumi-

286 3844 374 3908 num,
396 3827 586 3910 proeliorum
597 3853 607 3918 3¹
629 3831 675 3894 sio
697 3830 809 3895 Livius
831 3833 937 3896 indice
959 3832 1094 3916 tabulae,
1118 3852 1213 3917 quam
1239 3832 1400 3895 Gracchus

287 3950 432 4016 Sardinia
456 3960 546 4038 capta
567 3957 601 4019 in
624 3958 702 4022 aede
726 3959 836 4022 matris
855 3957 996 4022 Matutae
1014 3960 1130 4042 posuit,
1149 3959 1304 4042 descripto
1325 3959 1401 4022 haec

287 4077 453 4162 subjungit
484 4080 548 4164 (41,
581 4082 653 4165 28):
685 4083 849 4147 Sardiniae
879 4085 1003 4148 insulae
1032 4082 1133 4147 forma
1161 4091 1227 4149 erat
1249 4090 1344 4167 atque
1366 4087 1398 4147 in

287 4220 323 4264 ea
346 4204 516 4268 simulacra
539 4226 717 4290 pugnarum
743 4210 837 4292 picta.

332 4327 438 4404 Quum
464 4331 647 4398 Pannonios
671 4343 738 4398 tum
764 4335 938 4401 Germanos
963 4338 1067 4418 (Trist.
1089 4337 1146 4421 IV,
1159 4339 1188 4417 2,
1202 4338 1251 4399 37.
1264 4337 1346 4401 Vell.
1358 4337 1400 4416 ll,

291 4454 360 4515 119.
390 4453 499 4535 Tacit.)
530 4460 563 4520 in
595 4460 702 4525 devias
725 4462 822 4526 silvas
845 4464 990 4527 recedere
1013 4463 1121 4527 solitos
1145 4481 1214 4527 esse
1237 4481 1330 4526 nemo
1353 4463 1398 4546 ig-
