3356 5294
775 555 816 616 29

288 769 336 836 De
358 767 533 853 imparibus
556 767 748 831 coordinatis
771 766 835 848 egit
857 761 1011 826 Dinterus
1036 759 1154 824 Oomm.
1178 758 1204 841 Ι,
1227 778 1255 842 p.
1281 758 1331 820 al.

290 897 442 980 Compare
465 893 514 957 Tr.
533 893 559 976 I,
579 892 609 974 8,
630 894 688 954 24:
709 909 837 956 cernere
857 907 1006 974 supremo
1026 887 1102 951 dum
1123 886 1278 968 licuitque
1300 883 1360 947 die.

243 1301 282 1366 P.
306 1302 332 1385 Ι,
357 1305 386 1384 5,
411 1302 452 1364 19
477 1300 597 1364 66111661
618 1299 769 1381 incipiam
793 1297 871 1358 lime
894 1295 1077 1359 mordacius
1101 1295 1150 1357 uti

476 1431 507 1489 et
529 1423 589 1489 sub
612 1423 768 1486 iudicium
794 1421 920 1504 singula
943 1419 1040 1484 verba
1062 1417 1197 1482 vocem?

476 1553 603 1633 torquet
614 1548 698 1612 enim
712 1546 839 1610 fortuna
851 1565 975 1629 parum,
986 1546 1049 1608 nisi
1060 1543 1162 1607 Lixus
1174 1545 1206 1607 in
1217 1543 1361 1608 Hebrum

468 1674 618 1740 ‘confluat
641 1678 672 1738 et
694 1672 823 1737 frondes
847 1671 985 1755 Alpibus
1010 1670 1104 1735 addat
1128 1670 1238 1734 Atho?

293 1885 499 1952 Locutionem
531 1886 682 1950 usitatam
716 1883 862 1965 „frondes
886 1882 1001 1947 addere
1025 1881 1137 1946 silvis'’
1160 1882 1206 1963 (P.
1230 1880 1286 1964 IV,
1316 1882 1366 1964 12,

252 2013 304 2096 13)
330 2014 393 2076 huc
416 2012 618 2076 introducere
641 2009 748 2075 studet
770 2008 951 2090 Memmius,
976 2009 1032 2092 qui
1055 2006 1183 2071 callebas
1203 2007 1309 2071 edidit.
1322 2008 1365 2070 At

244 2117 371 2202 ¹nullam
395 2136 607 2221 corruptelam
632 2121 841 2218 deprehendo.
864 2132 1064 2197 Emendandi
1088 2153 1208 2198 munus
1228 2132 1364 2196 detesta-

251 2266 306 2325 tur
339 2267 439 2345 poeta,
474 2260 559 2345 quod
592 2263 706 2343 augeat
736 2258 867 2323 labores.
891 2256 941 2321 lta
965 2259 1152 2341 deprecetur
1170 2257 1362 2346 ¹Tuticanum

252 2385 289 2449 P.
301 2384 358 2467 IV,
372 2385 422 2467 la,
435 2383 476 2448 38
498 2384 551 2448 hic
570 2383 719 2448 cumulus
739 2384 870 2463 (duritia
888 2385 954 2465 tue)
968 2385 1086 2447 nostris
1098 2383 1182 2447 absit
1194 2431 1201 2446 .
1213 2431 1220 2446 .
1232 2431 1240 2447 .
1254 2431 1260 2445 .
1273 2382 1365 2446 malis

253 2510 470 2592 cf.Met.V,23
494 2510 615 2574 scilicet
627 2509 711 2573 haud
721 2511 798 2574 satis
807 2509 949 2593 estquod
957 2514 988 2574 te
996 2514 1157 2593 spectante
1166 2512 1308 2573 revincta
1319 2511 1366 2572 est

251 2635 326 2700 Her.
349 2635 407 2718 IV,
430 2637 471 2698 47
495 2637 574 2700 haec
596 2636 674 2699 mihi
692 2635 775 2699 ferre
790 2655 902 2719 parum
914 2637 921 2698 !
933 2638 1116 2720 peregrinos
1129 2637 1219 2702 addis
1232 2654 1366 2703 amores

251 2761 371 2826 Eodem
391 2751 484 2825 modo
505 2760 615 2825 scribit
632 2765 725 2845 poeta
743 2760 881 2825 duarum
899 2761 1078 2844 puellarum
1095 2783 1201 2828 amore
1211 2766 1366 2829 incensus

252 2889 324 2950 Am.
347 2887 390 2970 H,
416 2887 465 2970 10,
490 2886 546 2949 ll:
1204 2887 1206 2891 ”

388 3097 465 3181 quid
487 3097 640 3180 geminas,
663 3096 811 3179 Erycine,
836 3115 921 3162 meos
946 3098 1015 3162 sine
1036 3097 1101 3162 fine
1124 3099 1271 3166 dolores?

388 3242 450 3287 non
475 3226 596 3288 eratin
620 3243 712 3288 curas
739 3244 804 3288 una
826 3225 933 3308 puella
957 3225 1058 3288 satis?

389 3351 465 3434 quid
488 3351 563 3415 folia
586 3350 763 3433 arboribus,
786 3351 863 3433 quid
883 3351 976 3434 pleno
1000 3351 1103 3415 sidera
1126 3354 1221 3436 coelo,

297 3537 303 3544 .
388 3478 422 3539 in
445 3476 523 3540 freta
545 3476 692 3540 collectas
715 3477 778 3540 alta
801 3476 878 3560 quid
901 3476 991 3541 addis
1015 3478 1140 3561 aquas?

299 3702 373 3766 Non
397 3701 436 3766 de
459 3702 549 3765 vanis
573 3705 604 3765 et
637 3702 880 3785 supervacaneis
903 3703 1048 3785 negotiis,
1071 3703 1126 3767 sed
1150 3703 1189 3768 de
1207 3704 1369 3770 laboribus

257 3817 368 3899 auctis,
390 3815 587 3901 amplificatis
612 3817 717 3899 agitur
739 3814 776 3878 cf.
800 3815 889 3880 Trist.
914 3815 953 3899 V,
978 3816 1006 3894 6,
1029 3818 1068 3879 41

389 4043 454 4102 tam
478 4059 529 4103 me
552 4041 734 4104 circumstat
757 4040 926 4104 densorum
951 4040 1044 4104 turba
1067 4042 1240 4106 malorum:

392 4165 485 4229 crede
508 4166 594 4246 mihi,
617 4185 691 4230 vero
716 4172 763 4230 est
786 4172 894 4230 nostra
918 4167 1048 4250 querele
1070 4169 1183 4231 minor.

393 4291 444 4353 hic
467 4292 523 4374 qui
546 4296 715 4354 contentus
739 4310 803 4354 non
829 4295 884 4374 est,
908 4293 943 4356 in
966 4292 1043 4356 litus
1066 4293 1210 4376 harenas,

392 4417 426 4478 in
450 4421 588 4500 segetem
612 4417 725 4500 spicas
747 4418 781 4481 in
805 4437 890 4482 mare
912 4418 1025 4483 fundat
1048 4438 1157 4502 aquas.
