3356 5294
877 549 919 612 12

382 757 453 834 Quo
485 760 589 844 magis
614 759 714 844 igitur
737 763 885 843 appareat
907 759 1031 843 eulpam
1056 757 1119 823 sibi
1141 757 1240 822 dolori
1262 775 1332 822 esse
1354 756 1456 820 utitur

336 883 471 950 Ovidius
494 904 640 950 sermone
663 886 847 968 copiosiore,
871 886 927 969 qui
950 885 1123 969 elegantiae
1146 882 1348 948 Nasonianae
1370 881 1452 945 arbi-

336 1011 393 1074 tris
418 1010 563 1094 (Heinsio
587 1015 618 1075 et
640 1008 797 1093 Bentleio)
822 1010 950 1094 quidem
972 1009 1125 1094 displicet,
1144 1011 1177 1073 in
1195 1009 1332 1094 singulis
1345 1013 1452 1072 tamen
1539 1033 1543 1040 ·
1646 973 1647 1024 ἦ

335 1138 483 1201 convenit
516 1156 590 1201 oum
622 1138 788 1202 sententiis
818 1136 893 1200 alibi
923 1139 1091 1221 expressis.
1116 1135 1222 1201 Ovidii
1244 1155 1363 1200 morem
1388 1155 1453 1199 am·

334 1260 496 1344 plificandi
517 1262 569 1327 vel
591 1263 754 1347 repetendi
777 1263 861 1327 diota
886 1262 978 1326 modo
1001 1261 1123 1346 prolata
1146 1279 1239 1326 nomo
1261 1263 1374 1327 neseit.

377 1387 581 1473 Exemplum,
604 1389 690 1473 quod
712 1390 746 1454 iu
769 1408 836 1454 rem
863 1395 920 1472 est,
943 1388 1072 1472 praebet
1094 1389 1202 1453 Am'or.
1225 1388 1251 1472 Ι,
1275 1389 1326 1472 15,
1350 1389 1385 1451 7:

403 1577 533 1642 mortale
556 1582 612 1661 est,
637 1577 723 1661 quod
747 1579 882 1661 quaeris,
907 1597 1004 1662 opus:
1029 1578 1108 1640 mihi
1129 1576 1212 1641 fama
1234 1576 1383 1660 perennis

401 1705 573 1787 quaeritur,
595 1705 630 1767 in
653 1709 719 1770 toto
743 1722 868 1788 sempor
890 1708 927 1768 ut
949 1703 1025 1768 orbe
1048 1722 1151 1768 oanar.

377 1887 514 1953 Transeo
546 1891 612 1972 jam
647 1891 688 1954 ad
721 1911 750 1955 v.
785 1891 837 1974 65,
867 1910 931 1975 quo
961 1891 1178 1975 respiciuntur
1207 1889 1304 1955 verba
1330 1908 1450 1975 „poena

332 2018 436 2096 potest
471 2015 576 2079 demi’'
610 2019 652 2095 (v.
684 2016 748 2099 64).
780 2015 866 2082 Dum
897 2017 959 2082 alia
981 2022 1055 2083 vota
1066 2018 1091 2096 1)
1113 2017 1199 2083 fovet
1221 2017 1336 2098 animo,
1359 2020 1450 2080 caute

332 2143 425 2222 poeta
459 2141 593 2225 supplex
629 2161 686 2226 pro
718 2148 802 2206 oerto
826 2142 962 2208 affirmat
985 2149 1117 2209 mortem
1141 2142 1236 2208 finem
1261 2142 1357 2208 exilio
1381 2161 1450 2206 esse

332 2267 553 2350 imposituram
567 2267 601 2350 2),
625 2267 712 2351 quod
736 2247 879 2333 efficio'e
902 2270 979 2334 loeis

332 2449 422 2513 Trist.
436 2449 494 2533 ΙΠ,
509 2452 537 2534 3,
551 2453 592 2514 55
620 2472 708 2516 nuno
732 2456 759 2518 si
782 2454 863 2519 forte
885 2458 975 2538 potes
1001 2492 1040 2502 -
1065 2455 1120 2519 sed
1144 2474 1209 2518 non
1233 2459 1331 2538 potes,

685 2559 686 2564 ἵ
988 2595 992 2606 ’
1075 2581 1194 2664 optima
1216 2580 1360 2662 conjunx
1384 2617 1424 2627 -

620 2702 719 2768 finitis
741 2704 845 2787 gaude
867 2709 914 2768 tot
937 2705 1015 2768 mihi
1038 2710 1139 2768 morte
1161 2704 1261 2768 malis,

331 2823 407 2889 ibid.
431 2846 460 2888 v.
485 2826 526 2889 65
616 2848 688 2893 ossa
719 2834 825 2895 tamen
854 2829 948 2894 facito
971 2850 1069 2914 parva
1091 2829 1270 2895 referantur
1291 2831 1326 2893 in
1349 2849 1446 2894 urna:

620 2955 666 3018 sio
689 2973 747 3038 ego
770 2974 835 3018 non
858 2955 952 3020 otiam
975 2959 1121 3020 mortuus
1145 2956 1308 3046 exuluero.

619 3098 685 3142 non
708 3084 794 3143 vetat
815 3080 874 3144 hoo
897 3082 1077 3164 quisquam.

202 3257 207 3268 .
332 3199 424 3264 Trist.
437 3201 493 3285 IV,
506 3203 536 3286 6,
548 3206 590 3267 49
622 3225 686 3269 555
709 3209 816 3269 tamen
840 3225 911 3289 spes
932 3211 988 3288 est,
1008 3225 1090 3290 quae
1108 3225 1159 3270 me
1178 3207 1298 3271 soletur
1316 3209 1350 3271 in
1369 3208 1449 3287 istie,

618 3330 696 3394 haee
717 3330 785 3396 fore
809 3337 908 3396 morte
932 3353 1003 3399 mea
1026 3353 1090 3398 non
1114 3334 1266 3398 diuturna
1289 3335 1381 3398 mala

374 3503 467 3568 Hauc
490 3509 596 3570 autem
620 3525 754 3590 poenam
779 3509 887 3572 minus
910 3512 1001 3572 aurat
1022 3507 1065 3592 (v.
1086 3509 1139 3592 62)
1161 3509 1221 3572 hoo
1240 3509 1317 3572 loeo.
1331 3507 1447 3572 Contra

330 3631 365 3693 iu
396 3649 433 3694 eo
464 3633 571 3695 omnia
602 3637 679 3697 sunt
705 3632 749 3716 (u.
772 3632 837 3716 58),
861 3637 897 3697 ut
920 3639 1026 3717 aperte
1049 3632 1186 3698 declaret
1208 3634 1321 3718 eulpae
1343 3633 1445 3697 labem

330 3775 506 3840 numquam
531 3757 630 3823 deleri
651 3778 745 3842 posse
767 3778 866 3843 seque
888 3761 1051 3843 perpetuis
1074 3759 1236 3823 doloribus
1255 3759 1348 3842 affici,
1360 3759 1446 3843 quod

331 3897 514 3978 peccaverit.
537 3894 624 3960 Hine
646 3897 685 3961 de
709 3897 820 3980 culpae
843 3902 970 3962 aeterna
991 3896 1123 3960 infamia
1144 3897 1303 3980 loquitur:

364 4159 388 4221 1)
410 4171 432 4209 e.
440 4173 466 4224 g.
483 4155 561 4208 Trist.
578 4157 627 4224 IV,
646 4161 671 4219 4,
686 4160 727 4210 47.

363 4250 390 4310 2)
409 4264 569 4316 quamquam
594 4249 666 4300 inter
690 4249 785 4317 tristia,
807 4267 875 4318 quae
891 4249 981 4303 animo
998 4249 1139 4317 praesagit,
1156 4265 1242 4315 poena
1257 4252 1318 4317 poet
1334 4251 1444 4301 mortem

330 4355 435 4408 quoque
451 4339 538 4392 looum
555 4339 642 4392 habet.
659 4339 703 4392 Tr.
720 4340 771 4406 III,
788 4344 812 4408 3,
830 4344 936 4394 59-64,
953 4341 987 4406 V,
1005 4344 1028 4412 7,
1044 4341 1060 4392 3
1078 4357 1115 4413 sq.
1134 4341 1163 4392 P.
1182 4341 1203 4409 Ι,
1218 4344 1242 4410 2,
1252 4345 1306 4395 113.
1317 4342 1349 4395 of.
1359 4340 1444 4396 Ibidis

330 4432 794 4501 mmmmmmm
