3356 5294
863 535 922 608 14'

331 749 375 813 At
407 749 442 813 P.
472 750 497 832 Ι,
529 753 558 833 3,
588 752 630 815 43
663 751 759 816 habes
790 753 879 817 exilii
910 773 1035 818 morsus
1067 754 1104 817 cf.
1128 754 1163 818 P.
1186 755 1229 839 Π,
1254 757 1283 839 7,
1308 757 1448 820 39-46.

331 873 541 939 Statuendum
584 877 662 939 mihi
704 877 831 941 videtur
866 881 1012 943 excusari
1047 882 1204 944 sermonis
1239 861 1447 946 subtilitatem

331 1003 362 1063 et
395 999 621 1065 abundantiam
656 1022 692 1066 eo
724 1004 810 1086 quod
837 1002 973 1069 Ovidius
997 1006 1065 1089 ipse
1089 1025 1145 1088 pro
1170 1024 1204 1070 se
1226 1025 1356 1070 causam
1381 1013 1449 1071 oret

331 1125 368 1190 cf.
401 1127 451 1190 Tr.
486 1127 526 1210 V,
559 1129 587 1211 1,
619 1127 669 1191 10.
700 1130 740 1190 27
773 1149 820 1213 sq.
846 1167 887 1176 -
910 1129 1062 1215 Superest
1085 1137 1121 1195 ut
1145 1132 1273 1216 singula
1297 1133 1394 1196 verba
1418 1138 1449 1197 et

330 1254 591 1337 compositionem
612 1254 738 1318 distichi
758 1255 871 1338 prioris
884 1255 1039 1339 (db—66)
1054 1257 1451 1342 examinemus.Exempla

330 1376 370 1441 ad
392 1376 527 1442 formam
551 1382 582 1442 et
601 1381 859 1462 compositionem
882 1380 1111 1446 defendendam
1124 1383 1285 1466 congessit
1296 1382 1450 1448 Kornius.

330 1501 369 1565 In
393 1522 459 1568 rem
484 1508 533 1600 est
555 1523 700 1588 quoque:

328 1701 377 1767 Tr.
396 1701 455 1786 111,
474 1703 531 1786 11,,
544 1703 584 1765 27
609 1702 728 1768 Hector
750 1708 819 1768 erat
843 1709 919 1768 tunc
942 1724 1015 1769 cum
1036 1705 1119 1770 bello
1140 1710 1292 1770 certaret:
1313 1711 1344 1771 at
1363 1707 1446 1772 idem

617 1829 745 1894 vinctus
768 1829 808 1893 ad
827 1829 1022 1894 Haemonios
1042 1850 1107 1895 non
1127 1836 1195 1896 erat
1206 1831 1327 1896 Hector
1338 1852 1447 1916 equos.

374 2032 475 2094 Amor
495 2029 521 2113 Ι,
548 2030 595 2105 10,
613 2031 656 2093 43
678 2029 801 2115 (gratia)
822 2031 865 2092 44
878 2030 1103 2116 (nullagratia)
1116 2029 1207 2100 Rem.
1219 2031 1283 2095 269
1296 2029 1446 2117 (poteras)
1488 2059 1493 2072 ·

331 2157 394 2220 270
418 2155 498 2244 (non
520 2147 667 2241 poteras).

372 2282 458 2348 Illud
480 2283 689 2348 cumvenerit
710 2283 797 2366 quod
816 2282 987 2348 admodum
1008 2282 1163 2368 frigidum
1175 2282 1307 2347 Dintero
1319 2283 1447 2348 videtur

330 2428 382 2474 me
403 2429 469 2474 non
492 2427 594 2493 aeque
615 2408 746 2474 offendit
768 2408 849 2473 lecto
871 2407 984 2473 Tibull.
1009 2407 1034 2491 Ι,
1059 2409 1088 2491 l,
1113 2409 1154 2471 59

457 2613 496 2674 te'
511 2613 659 2694 spectem,
681 2627 831 2694 suprema
854 2608 931 2672 mihi
954 2627 1028 2672 cum
1055 2608 1181 2672 venerit
1204 2609 1290 2691 hora,

458 2742 490 2801 te
511 2729 635 2802 teneam
658 2737 796 2801 moriens
817 2733 984 2800 deficiente
1008 2753 1120 2800 manu.

369 2937 565 3003 Huiusmodi
588 2938 801 3001 additamenta
824 2955 918 3019 saepe
940 2954 996 3021 per
1018 2917 1225 3020 parenthesin
1246 2937 1446 3020 interjiciun-

326 3062 416 3143 tur1)
447 3064 533 3148 apud
563 3061 724 3127 Ovidium.
756 3061 876 3126 Eodem
903 3062 977 3143 jure
1005 3081 1074 3125 cum
1104 3061 1177 3127 velit
1202 3061 1276 3127 Met.
1300 3061 1359 3145 ΧΙ,
1383 3063 1447 3126 432

326 3189 519 3255 indubium
544 3190 651 3253 vocari
673 3192 787 3272 potest.

252 3307 256 3318 ’
369 3314 480 3391 Restat
510 3316 634 3398 vitium,
664 3314 750 3398 quod
781 3314 900 3378 detexit
922 3312 1089 3380 Dinterus.
1115 3315 1278 3380 Particula
1301 3318 1448 3401 negativa

326 3445 390 3527 (ne)
414 3445 448 3506 in
471 3446 667 3526 pentametro
689 3441 878 3504 sententiam
897 3439 1016 3525 profert
1036 3441 1228 3505 contrariam
1248 3443 1330 3526 eius,
1350 3462 1447 3526 quam

325 3572 359 3633 in
396 3574 502 3632 mente
535 3566 686 3631 habuisse
720 3570 845 3650 poetam
880 3571 1042 3650 putamus.
1077 3566 1189 3632 Simile
1222 3569 1338 3632 vitium
1360 3571 1451 3632 notat

325 3692 478 3759 Dinterus
512 3694 547 3756 in
581 3691 616 3755 P.
646 3691 671 3776 Ι,
701 3693 730 3774 3,
761 3691 900 3755 89-90.
928 3692 1129 3777 Expectatur
1153 3711 1232 3757 sane
1254 3696 1290 3756 ut
1302 3693 1338 3776 Β),
1362 3692 1470 3777 quod·

324 3819 423 3886 altera
448 3838 562 3883 manus
584 3819 618 3880 in
641 3817 699 3881 cod
720 3839 750 3894 γ.
774 3837 872 3902 supra
895 3819 1032 3902 scripsit.
1055 3817 1117 3883 Hic
1140 3820 1318 3884 haeremus.
1342 3819 1448 3884 Putat

335 4027 480 4040 ———-·

358 4175 385 4235 1)
410 4170 444 4225 oi.
468 4167 537 4223 illud
562 4168 671 4222 memini
696 4165 794 4234 (recolo
820 4165 884 4220 Her.
914 4164 949 4228 V,
976 4143 1043 4233 113).
1060 4166 1126 4236 eleg.
1143 4167 1172 4219 iu
1189 4164 1271 4220 Maec.
1298 4163 1321 4227 1,
1339 4167 1370 4219 61
1389 4181 1448 4219 eum

326 4280 426 4318 memor
441 4264 481 4330 (et
498 4264 569 4315 certe
585 4259 709 4326 memini)
727 4258 760 4312 of.
777 4259 887 4311 Ruhuk.
905 4258 968 4311 dict.
988 4258 1018 4310 in
1036 4243 1100 4311 Har.
1119 4258 1170 4326 111,
1189 4259 1244 4310 101.

360 4359 386 4421 2)
405 4355 465 4408 nrt
482 4355 515 4415 11,
533 4355 579 4406 101
597 4368 652 4404 non
668 4350 775 4418 facient,
790 4352 822 4402 ut
839 4350 914 4402 vivat
930 4365 1013 4419 amor,
1030 4348 1168 4404 Medeides
1184 4348 1289 4402 herbae.

360 4447 436 4501 Pont
450 4445 487 4513 Π,
504 4447 528 4512 2,
545 4446 578 4496 24
594 4458 649 4495 non
668 4444 758 4494 tamen
775 4439 874 4493 efficies
893 4442 924 4498 nt
941 4439 1051 4494 timeare
1068 4438 1144 4492 mihi'.
