3356 5294
782 576 802 638 9

235 785 368 854 tabcllas
392 786 512 852 Dianae
531 788 592 872 ipsi
615 785 697 867 (Seu.
721 785 821 851 benef.
846 785 919 869 VH,
943 788 973 869 4,
996 786 1027 867 6)
1052 789 1083 850 et
1102 785 1258 869 suspicari
1277 783 1350 847 licet

236 931 297 995 eae,
319 918 355 978 ut
377 918 468 977 erant
490 912 651 978 mentibus
675 913 766 976 laetis
790 913 971 996 animisque
991 911 1148 997 benignis,
1169 899 1349 975 mendicanss

235 1039 320 1103 tibus
349 1041 383 1102 in
408 1040 489 1103 clivo
513 1041 645 1104 Aricino
669 1038 812 1119 (Martial.
836 1038 878 1122 II,
904 1041 954 1122 19,
978 1041 1005 1102 3.
1025 1039 1101 1122 XII,
1126 1040 1176 1121 32,
1201 1038 1251 1100 10.
1273 1036 1349 1102 Juv.

233 1165 290 1248 IV,
316 1166 389 1247 117)
413 1166 537 1230 dedisse
559 1165 665 1250 stipes.
688 1164 785 1230 Nulla
804 1171 910 1229 autem
931 1164 1084 1230 beneficia
1103 1166 1136 1227 in
1156 1163 1348 1228 sacerdotem

234 1290 358 1355 conlata
388 1292 557 1355 memoriae
590 1290 785 1374 produntur;
813 1291 892 1374 stips
915 1289 1036 1355 Dianae
1060 1289 1173 1354 deindo
1197 1290 1230 1352 in
1256 1307 1349 1352 usum

233 1416 343 1501 templi
366 1415 547 1481 vertebatur
570 1416 768 1500 (Marquardt
790 1417 809 1480 l.
822 1415 841 1480 l.
861 1437 890 1500 p.
914 1417 984 1499 140,
1004 1419 1044 1497 4).
1063 1415 1192 1501 Templa
1212 1415 1350 1498 denique

234 1560 310 1605 suos
345 1540 494 1606 habuisse
528 1542 693 1626 sortilegos
726 1540 852 1626 probari
888 1560 952 1605 non
985 1547 1087 1626 potest
1117 1545 1245 1605 auctore
1267 1539 1349 1603 Mar-

234 1667 381 1750 quardtio
407 1667 478 1750 (ΠΙ,
501 1689 531 1754 p.
558 1669 628 1747 100,
652 1671 671 1732 3
698 1699 737 1722 --
762 1669 1011 1734 Preller·Iordan
1033 1668 1203 1733 Rdmiscbe
1225 1666 1350 1749 Mytho·

233 1791 324 1876 logie,
353 1791 395 1874 Π,
421 1794 503 1876 190),
526 1795 601 1858 licet
623 1799 792 1859 occurrant
815 1796 848 1857 in
872 1793 1141 1879 inscriptionibus.
1166 1793 1251 1877 Ergo
1275 1813 1348 1858 cum

232 1917 289 1982 hae
323 1917 364 1982 ob
398 1938 511 1984 causas
545 1921 585 1984 ad
616 1920 750 1984 Dianam
782 1921 944 1984 Aricinam
977 1919 1077 1983 alludi
1108 1937 1230 2002 negem,
1254 1919 1350 1981 miror

233 2063 361 2127 quoquo
384 2045 465 2109 nihil
489 2043 632 2110 additum
655 2065 725 2111 esse
749 2046 788 2110 de
812 2064 940 2110 nemore
960 2045 1011 2110 vel
1030 2046 1069 2108 de
1089 2045 1206 2126 Aricia,
1226 2041 1349 2107 111011-

233 2169 277 2232 1111
301 2189 370 2234 mos
393 2171 471 2249 (Art.
495 2172 519 2248 Ι,
545 2172 616 2234 259.
640 2171 713 2236 Met.
736 2171 811 2253 XV,
830 2172 902 2234 488.
922 2170 1005 2235 Faat.
1025 2169 1083 2252 111,
1104 2170 1177 2232 261.
1195 2168 1251 2250 VI,
1267 2169 1350 2248 755).

277 2293 414 2359 Transeo
448 2295 600 2360 Boissieri
631 2297 820 2381 opinionem.
851 2295 945 2360 Ritus
980 2297 1064 2359 enim
1098 2295 1281 2378 peregrinos
1315 2294 1348 2355 in

235 2437 323 2483 sacra
345 2418 473 2503 publica
494 2421 658 2504 irrepsisse
681 2421 923 2504 sacerdotesque
943 2418 1065 2482 Dianae
1085 2417 1249 2482 Gallorum
1263 2436 1350 2482 more

232 2562 288 2629 per
321 2546 409 2609 vicos
444 2550 475 2609 et
506 2547 620 2630 oppida
643 2546 851 2610 mendicando
877 2546 977 2630 stipes
1001 2545 1165 2630 collegisse
1187 2542 1298 2608 scribit
1319 2542 1349 2606 la

233 2669 379 2756 Religion
402 2671 558 2737 Romaine
581 2672 605 2753 Ι,
628 2674 701 2736 440.
724 2672 826 2737 Debet
849 2673 907 2736 boc
931 2674 1000 2736 loco
1026 2680 1142 2736 nostro.

216 2829 220 2838 ·
276 2794 324 2859 De
347 2794 449 2859 Diana
471 2796 611 2882 Pergaea
633 2798 783 2882 cogitavit
804 2796 1019 2881 Kiesslingius
1039 2795 1077 2858 ad
1097 2793 1166 2859 Hor
1185 2796 1223 2858 A.
1236 2793 1270 2857 P.
1285 2794 1347 2855 453

343 2990 378 3050 ut
402 2985 485 3048 mala
509 3003 603 3068 quom
627 2983 749 3049 scabies
771 2989 827 3048 aut
850 2983 980 3048 morbus
1003 2984 1111 3068 regius
1135 2988 1250 3067 urguet

342 3115 399 3174 aut
419 3109 576 3175 fanaticus
600 3130 688 3175 error
711 3116 743 3175 et
765 3111 919 3175 iracunda
943 3109 1054 3193 Diana,

343 3256 497 3301 vesanum
521 3238 663 3322 tetigisse
686 3238 799 3302 timent
820 3237 1014 3321 fugiuntque
1036 3240 1160 3321 poetam

344 3364 400 3446 qui
422 3364 560 3447 sapiunt.
610 3370 615 3380 '

277 3558 392 3625 citavit
422 3559 539 3625 Suidae
570 3561 727 3645 glossam:
759 3560 775 3634 ἡ
804 3561 936 3641 ssapyata
966 3557 1109 3641 Ἄρτεμις
1131 3557 1274 3624 τάσσεται
1297 3558 1347 3624 ἐπὶ

229 3688 286 3747 τῶν
320 3687 457 3765 ἀγυρτῶν
486 3685 537 3750 aori
571 3689 735 3760 πλανητῶν.
772 3686 858 3752 Huic
889 3688 1034 3752 addenda
1064 3693 1140 3752 sunt
1163 3687 1348 3752 Philostrati

229 3811 326 3877 verba
357 3811 502 3897 (Sophist.
533 3812 574 3896 H,
605 3834 634 3897 p.
668 3814 741 3895 574)
772 3809 866 3887 ἔξεστι
898 3812 1068 3890 συμβαλεῖν
1090 3819 1159 3885 ταῖς
1182 3811 1292 3884 εἰκόσιν,
1316 3809 1347 3874 ai

229 3934 396 4000 ἀνάκεινται
426 3937 455 3999 ἐν
477 3937 517 4016 τῷ
539 3944 592 4010 τῆς
616 3937 764 4019 Hrpyaioca
788 3935 848 4019 ἱερῷ
872 3945 908 4004 ut
931 3959 981 4004 me
1004 3937 1347 4023 docuit,Spanhemius

230 4061 270 4125 ad
305 4061 426 4126 Gallim.
458 4064 485 4126 b.
516 4065 536 4128 i.
566 4062 603 4127 D.
636 4085 664 4128 v.
691 4065 761 4128 187.
785 4066 836 4142 At,
859 4065 932 4129 licet
956 4063 1064 4129 Cicero
1088 4062 1223 4127 affirmet
1246 4063 1345 4143 (Verr.

229 4187 255 4269 I,
287 4168 345 4269 54)Ι
372 4188 512 4274 „Pergae
541 4190 651 4254 fanum
675 4191 934 4274 antiquissimum
959 4195 989 4255 et
1011 4190 1247 4254 sanctissimum
1272 4188 1346 4253 Dia-

231 4331 290 4376 nae
325 4315 443 4378 scimus
468 4315 558 4380 esse’'
584 4315 694 4380 dubito
718 4321 833 4400 tamen,
856 4335 933 4379 num
957 4316 1009 4378 hic
1032 4315 1147 4397 cultus,
1172 4316 1237 4398 qui,
1260 4314 1346 4398 quod

231 4439 339 4523 sciam,
373 4460 548 4523 numquam
581 4459 597 4504 e
628 4440 816 4525 Pamphylia
842 4444 877 4505 in
902 4440 1026 4504 Italiam
1050 4442 1207 4526 migravit,
1230 4440 1347 4505 intelli-
