3356 5294
887 582 928 643 36

350 789 390 853 ad
423 791 632 874 corruptelam
667 811 695 855 v.
732 793 782 873 66,
817 809 899 874 quae
929 791 1072 854 nondum
1104 790 1228 855 sublata
1255 795 1311 873 est,
1335 810 1408 855 nam
1434 793 1462 856 si

350 913 541 979 Messalinus
572 915 668 979 officii
694 935 790 979 causa
813 934 883 980 esse
906 935 970 979 non
994 920 1146 999 gravatur
1170 922 1200 980 et
1222 909 1341 981 fastum
1366 918 1459 1000 depo-

349 1043 397 1104 nit
421 1077 461 1086 —
485 1040 583 1104 edidit
608 1042 692 1106 enim
718 1038 892 1104 Merkelius

523 1213 647 1278 solebas
667 1225 671 1298 Ι
692 1213 787 1278 officii
809 1234 936 1278 cansam
962 1213 1109 1298 pluribus
1132 1233 1201 1278 esse
1224 1215 1288 1298 pati

348 1400 538 1466 beneficium
557 1402 652 1466 laude
664 1408 755 1467 caret.
768 1402 887 1470 Eodem
902 1404 978 1466 vitio
990 1403 1112 1466 laborat
1123 1404 1165 1486 id,
1178 1404 1263 1487 quod
1277 1402 1308 1466 G.
1322 1402 1459 1468 Schenkl

347 1526 517 1612 legendum
539 1530 703 1612 proposuit
727 1529 1018 1614 Guethlingiusque
1042 1531 1162 1613 recepit

520 1701 644 1766 solebas
664 1703 668 1786 Ι
689 1701 785 1766 officii
807 1722 903 1767 cansa
924 1703 1072 1798 piuribus
1095 1723 1165 1768 esse
1187 1705 1287 1768 dator.

391 1887 506 1952 Nonne
529 1889 586 1973 qui
609 1887 780 1952 munificus
803 1893 860 1971 est,
882 1894 919 1953 ut
942 1888 1073 1972 colatur,
1093 1908 1206 1972 parum
1227 1889 1459 1972 honesteagit?

348 2015 547 2079 Probabilior
568 2020 653 2079 certe
675 2015 827 2100 Madvigii
846 2016 1027 2098 conjectura
1046 2018 1084 2097 (ο.
1104 2035 1233 2080 causam
1253 2036 1282 2099 p.
1294 2017 1361 2099 ipse
1375 2015 1459 2095 dare)

350 2161 445 2224 quam
480 2141 622 2225 vulgavit
654 2141 688 2202 in
723 2140 912 2205 adversariis
948 2141 1066 2204 criticis
1102 2141 1151 2204 his
1175 2140 1306 2205 additis:
1335 2140 1460 2222 „Etiam

349 2267 456 2330 Amor.
481 2267 506 2350 I,
530 2269 560 2350 4,
582 2267 624 2329 46
648 2286 710 2330 esse
732 2268 765 2329 in
790 2269 908 2351 optimo
932 2267 1040 2330 codice
1059 2285 1124 2330 non
1144 2285 1185 2330 ex
1204 2287 1267 2330 ecce
1286 2272 1391 2331 ortum
1405 2275 1463 2349 est,

349 2393 435 2477 quod
469 2398 540 2476 post
572 2390 743 2456 Heinsium
775 2391 950 2456 Merkelius
984 2392 1099 2475 posuit,
1134 2390 1188 2454 sed
1212 2409 1253 2454 ex
1275 2391 1350 2474 ipse,
1374 2391 1461 2474 quod

349 2519 445 2581 ceteri
472 2516 617 2581 habent.”
649 2518 693 2581 At
724 2518 775 2581 hic
797 2517 942 2581 codicum
965 2517 1185 2581 testimonium
1209 2519 1368 2582 consentit
1380 2519 1402 2598 ¹)
1427 2518 1461 2580 in

348 2660 428 2706 voce
450 2660 522 2723 esse,
545 2660 641 2724 quam
665 2645 695 2705 et
717 2641 811 2706 refert
833 2642 1057 2725 compendium
1081 2643 1114 2701 de
1136 2631 1171 2705 i'n
1193 2642 1460 2726 codTegernsee·

349 2768 418 2830 ensi
452 2767 495 2847 (y)
525 2768 559 2829 in
590 2766 668 2830 locis
698 2765 741 2844 H,
776 2767 805 2848 7,
830 2769 879 2830 35.
906 2769 955 2850 65,
979 2773 1016 2831 ut
1040 2769 1118 2831 mihi
1142 2769 1287 2852 apparuit
1308 2787 1326 2832 e
1347 2767 1463 2832 Kornii

347 2912 451 2977 progr.
486 2891 659 2956 Strehlensi
694 2893 733 2956 de
766 2893 855 2956 codd.
886 2891 1140 2958 Monacensibus.
1176 2893 1280 2958 Nimis
1305 2893 1462 2958 deindea

348 3017 454 3082 verbis
476 3017 599 3082 traditis
622 3017 749 3097 (habent
771 3018 860 3082 codd.
884 3018 1030 3084 meliores
1054 3019 1137 3103 dori,
1161 3042 1183 3095 γ
1207 3023 1239 3083 et
1262 3021 1358 3084 ceteri
1383 3019 1461 3098 doti)

349 3142 525 3227 digreditur
553 3142 732 3207 Burmanni
763 3143 940 3208 emendatio
952 3161 953 3164 ’
965 3143 1104 3224 (volebas
1118 3145 1141 3225 2)
1158 3182 1197 3192 -
1211 3145 1326 3226 datam)
1351 3164 1462 3228 quam-

350 3289 445 3352 quam
480 3243 637 3334 alternant
665 3268 780 3334 colebat
809 3274 840 3334 et
862 3269 974 3335 solebat
996 3271 1032 3335 P.
1055 3271 1081 3355 I,
1106 3273 1134 3353 9,
1159 3271 1209 3333 33.
1233 3270 1424 3335 Locutiones
1437 3270 1461 3350 ⁸)

349 3415 446 3458 causo
467 3415 531 3460 csse
552 3400 583 3459 et
605 3415 732 3459 causam
755 3395 830 3460 dore
852 3397 1029 3479 permixtae
1052 3398 1160 3460 omnia
1183 3395 1329 3461 turbasse
1352 3396 1462 3460 viden-

348 3527 409 3586 tur.
433 3523 495 3587 Sed
517 3521 590 3587 licet
613 3542 734 3605 versus,
757 3511 852 3605 quem
877 3523 1014 3600 lacunae
1033 3523 1208 3606 explendae
1232 3522 1459 3588 causafactum

349 3667 418 3712 esse
452 3648 614 3712 contendit
646 3647 779 3732 Roeper,
811 3648 952 3711 nondum
976 3649 1016 3710 'in
1039 3650 1198 3734 integrum
1222 3652 1389 3714 restitutus
1411 3649 1462 3730 sit,

352 3815 495 3822 -.———

381 3909 408 3970 1)
434 3910 464 3962 Ρ.
490 3911 521 3977 ΙΙ,
548 3914 570 3977 1,
596 3911 629 3962 50
654 3909 747 3962 melior
772 3926 833 3977 pere
858 3910 978 3963 codicum
1003 3911 1072 3963 mele
1090 3910 1199 3978 praebet
1215 3927 1271 3964 esse
1291 3927 1338 3979 pro
1355 3911 1406 3964 isse
1424 3894 1463 3976 (et

349 3999 501 4068 Argentor.)
517 3999 604 4052 Incidi
620 4000 661 4051 in:
678 4000 735 4067 ipse
754 4001 828 4053 dabit
844 4001 947 4067 (Amor.
964 4001 986 4070 Ι,
1003 4004 1027 4069 2,
1046 4004 1095 4067 24),
1110 4002 1167 4069 ipse
1183 4002 1260 4055 dares
1271 4003 1311 4067 (P.
1321 4002 1367 4062 111,
1376 4005 1400 4062 5,
1409 4005 1462 4067 32).

382 4094 409 4155 2)
428 4092 457 4143 Ρ.
474 4094 519 4159 ΙΙΙ,
536 4095 560 4152 3,
579 4094 634 4144 107.

382 4184 409 4247 3)
427 4183 547 4252 Utraque
564 4183 643 4236 obvia
659 4185 706 4235 est.
726 4181 814 4236 Causa
831 4184 963 4236 cese'Am.
978 4185 1001 4251 Ι,
1017 4184 1042 4246 d,
1058 4187 1098 4236 42.
1117 4186 1163 4245 ΙΙΙ,
1180 4185 1220 4251 11,
1238 4187 1278 4237 20.
1295 4185 1354 4237 Art.
1363 4187 1395 4250 11,
1404 4188 1462 4237 247.

348 4271 378 4324 P.
402 4271 452 4339 IV,
477 4275 501 4340 6,
527 4272 566 4324 m.
595 4273 711 4326 Causam
736 4275 802 4326 darc
829 4275 890 4326 Her.
912 4277 936 4341 8,
953 4277 993 4327 59.
1011 4275 1071 4326 Am.
1088 4277 1120 4342 ΙΙ,
1138 4275 1179 4343 tr,
1197 4278 1236 4328 34.
1256 4277 1320 4327 Met.
1340 4274 1389 4340 XI,
1406 4277 1462 4329 781.

348 4361 427 4413 Trist.
452 4364 484 4430 ΙΙ,
509 4363 565 4416 281.
590 4364 620 4416 Ρ.
647 4364 690 4432 IV,
715 4367 740 4432 4,
763 4365 797 4416 ’40
824 4367 851 4416 et
876 4365 988 4432 saepius.
1013 4365 1099 4433 Opem
1125 4365 1235 4420 fortasse
1253 4365 1347 4419 afferet
1366 4366 1425 4418 Art.
1443 4369 1462 4435 Ι,

348 4452 489 4506 ’ωδ-212.
