<?xml version="1.0" encoding="UTF-8"?>
<!DOCTYPE html PUBLIC "-//W3C//DTD XHTML 1.0 Transitional//EN"
    "http://www.w3.org/TR/xhtml1/DTD/xhtml1-transitional.dtd">
<html xmlns="http://www.w3.org/1999/xhtml" xml:lang="en" lang="en">
 <head>
  <title>
</title>
<meta http-equiv="Content-Type" content="text/html;charset=utf-8" />
  <meta name='ocr-system' content='tesseract 3.04.00' />
  <meta name='ocr-capabilities' content='ocr_page ocr_carea ocr_par ocr_line ocrx_word'/>
</head>
<body>
  <div class='ocr_page' id='page_1' title='image "./observationesin00schrgoog/observationesin00schrgoog_0079.png"; bbox 0 0 3356 5294; ppageno 0'>
   <div class='ocr_carea' id='block_1_1' title="bbox 366 1107 1264 1439">
    <p class='ocr_par' dir='ltr' id='par_1_1' title="bbox 366 1107 1264 1439">
     <span class='ocr_line' id='line_1_1' title="bbox 366 1107 752 1190; baseline 0 -20"><span class='ocrx_word' id='word_1_1' title='bbox 366 1107 459 1190; x_wconf 90' lang='lat' dir='ltr'>Prop.</span> <span class='ocrx_word' id='word_1_2' title='bbox 484 1107 513 1168; x_wconf 92' lang='lat' dir='ltr'><strong>V</strong></span> <span class='ocrx_word' id='word_1_3' title='bbox 536 1107 616 1189; x_wconf 76' lang='lat' dir='ltr'><strong>(IV),</strong></span> <span class='ocrx_word' id='word_1_4' title='bbox 641 1108 670 1187; x_wconf 76' lang='lat'>6,</span> <span class='ocrx_word' id='word_1_5' title='bbox 694 1108 752 1170; x_wconf 87' lang='lat'>63:</span> 
     </span>
     <span class='ocr_line' id='line_1_2' title="bbox 496 1231 1264 1316; baseline -0.001 -22"><span class='ocrx_word' id='word_1_6' title='bbox 496 1233 550 1295; x_wconf 86' lang='lat' dir='ltr'>ille</span> <span class='ocrx_word' id='word_1_7' title='bbox 572 1235 650 1315; x_wconf 88' lang='lat' dir='ltr'>petit</span> <span class='ocrx_word' id='word_1_8' title='bbox 672 1231 782 1295; x_wconf 88' lang='lat' dir='ltr'>Nilum</span> <span class='ocrx_word' id='word_1_9' title='bbox 807 1232 921 1312; x_wconf 83' lang='lat' dir='ltr'><strong>cymba</strong></span> <span class='ocrx_word' id='word_1_10' title='bbox 947 1233 1026 1295; x_wconf 88' lang='lat' dir='ltr'>male</span> <span class='ocrx_word' id='word_1_11' title='bbox 1051 1235 1126 1295; x_wconf 84' lang='lat' dir='ltr'>nixa</span> <span class='ocrx_word' id='word_1_12' title='bbox 1148 1233 1264 1316; x_wconf 74' lang='lat' dir='ltr'>fugaci,</span> 
     </span>
     <span class='ocr_line' id='line_1_3' title="bbox 498 1359 1150 1439; baseline 0 -19"><span class='ocrx_word' id='word_1_13' title='bbox 498 1359 557 1420; x_wconf 89' lang='lat' dir='ltr'>hec</span> <span class='ocrx_word' id='word_1_14' title='bbox 580 1378 692 1436; x_wconf 86' lang='lat' dir='ltr'>uuum,</span> <span class='ocrx_word' id='word_1_15' title='bbox 713 1359 804 1439; x_wconf 86' lang='lat' dir='ltr'>jusso</span> <span class='ocrx_word' id='word_1_16' title='bbox 828 1378 890 1420; x_wconf 88' lang='lat' dir='ltr'>nen</span> <span class='ocrx_word' id='word_1_17' title='bbox 917 1360 1069 1421; x_wconf 86' lang='lat' dir='ltr'>moritura</span> <span class='ocrx_word' id='word_1_18' title='bbox 1093 1359 1150 1420; x_wconf 88' lang='lat' dir='ltr'>die.</span> 
     </span>
    </p>
   </div>
   <div class='ocr_carea' id='block_1_2' title="bbox 366 1483 1029 1808">
    <p class='ocr_par' dir='ltr' id='par_1_2' title="bbox 366 1483 1029 1808">
     <span class='ocr_line' id='line_1_4' title="bbox 366 1483 1029 1567; baseline 0.002 -21"><span class='ocrx_word' id='word_1_19' title='bbox 366 1483 448 1547; x_wconf 87' lang='lat' dir='ltr'>Male</span> <span class='ocrx_word' id='word_1_20' title='bbox 471 1483 569 1566; x_wconf 87' lang='lat' dir='ltr'>Paley</span> <span class='ocrx_word' id='word_1_21' title='bbox 592 1487 726 1567; x_wconf 84' lang='lat' dir='ltr'>conjecit</span> <span class='ocrx_word' id='word_1_22' title='bbox 749 1493 780 1548; x_wconf 89' lang='lat' dir='ltr'>et</span> <span class='ocrx_word' id='word_1_23' title='bbox 804 1485 902 1548; x_wconf 81' lang='lat' dir='ltr'>edidit</span> <span class='ocrx_word' id='word_1_24' title='bbox 924 1490 1029 1548; x_wconf 80' lang='lat' dir='ltr'>necta.</span> 
     </span>
     <span class='ocr_line' id='line_1_5' title="bbox 836 1745 924 1808; baseline 0 -1"><span class='ocrx_word' id='word_1_25' title='bbox 836 1745 924 1808; x_wconf 86' lang='lat' dir='ltr'>XIV.</span> 
     </span>
    </p>
   </div>
   <div class='ocr_carea' id='block_1_3' title="bbox 366 1982 1268 2448">
    <p class='ocr_par' dir='ltr' id='par_1_3' title="bbox 366 1982 1268 2448">
     <span class='ocr_line' id='line_1_6' title="bbox 367 1982 675 2063; baseline -0.01 -16"><span class='ocrx_word' id='word_1_26' title='bbox 367 1983 428 2054; x_wconf 61' lang='lat' dir='ltr'>Ov„</span> <span class='ocrx_word' id='word_1_27' title='bbox 448 1982 525 2049; x_wconf 88' lang='lat' dir='ltr'>Her.</span> <span class='ocrx_word' id='word_1_28' title='bbox 548 1983 592 2063; x_wconf 79' lang='grc' dir='ltr'>ΙΙ,</span> <span class='ocrx_word' id='word_1_29' title='bbox 616 1985 675 2045; x_wconf 87' lang='lat'>81:</span> 
     </span>
     <span class='ocr_line' id='line_1_7' title="bbox 498 2108 1268 2192; baseline 0.003 -20"><span class='ocrx_word' id='word_1_30' title='bbox 498 2115 530 2173; x_wconf 87' lang='lat' dir='ltr'>at</span> <span class='ocrx_word' id='word_1_31' title='bbox 553 2127 623 2172; x_wconf 89' lang='lat' dir='ltr'>mea</span> <span class='ocrx_word' id='word_1_32' title='bbox 646 2108 784 2191; x_wconf 85' lang='lat' dir='ltr'>despecti</span> <span class='ocrx_word' id='word_1_33' title='bbox 806 2109 938 2192; x_wconf 84' lang='lat' dir='ltr'>fugiunt</span> <span class='ocrx_word' id='word_1_34' title='bbox 961 2110 1099 2173; x_wconf 88' lang='lat' dir='ltr'>conubia</span> <span class='ocrx_word' id='word_1_35' title='bbox 1122 2108 1268 2191; x_wconf 77' lang='lat' dir='ltr'>Thraces,</span> 
     </span>
     <span class='ocr_line' id='line_1_8' title="bbox 499 2236 1240 2320; baseline 0 -20"><span class='ocrx_word' id='word_1_36' title='bbox 499 2236 584 2320; x_wconf 91' lang='lat' dir='ltr'>quod</span> <span class='ocrx_word' id='word_1_37' title='bbox 607 2236 691 2308; x_wconf 83' lang='lat' dir='ltr'>ferar</span> <span class='ocrx_word' id='word_1_38' title='bbox 714 2243 882 2301; x_wconf 85' lang='lat' dir='ltr'>externum</span> <span class='ocrx_word' id='word_1_39' title='bbox 908 2239 1130 2318; x_wconf 78' lang='lat' dir='ltr'>praeposuisse</span> <span class='ocrx_word' id='word_1_40' title='bbox 1154 2239 1240 2300; x_wconf 90' lang='lat' dir='ltr'>meis.</span> 
     </span>
     <span class='ocr_line' id='line_1_9' title="bbox 366 2363 637 2448; baseline 0 -20"><span class='ocrx_word' id='word_1_41' title='bbox 366 2363 438 2448; x_wconf 85' lang='lat' dir='ltr'>Leg.</span> <span class='ocrx_word' id='word_1_42' title='bbox 463 2365 637 2447; x_wconf 81' lang='lat' dir='ltr'>despectae.</span> 
     </span>
    </p>
   </div>
   <div class='ocr_carea' id='block_1_4' title="bbox 843 2574 915 2637">
    <p class='ocr_par' dir='ltr' id='par_1_4' title="bbox 843 2574 915 2637">
     <span class='ocr_line' id='line_1_10' title="bbox 843 2574 915 2637; baseline -0.014 -1"><span class='ocrx_word' id='word_1_43' title='bbox 843 2574 915 2637; x_wconf 89' lang='lat' dir='ltr'>XV.</span> 
     </span>
    </p>
   </div>
   <div class='ocr_carea' id='block_1_5' title="bbox 367 2811 1312 3273">
    <p class='ocr_par' dir='ltr' id='par_1_5' title="bbox 367 2811 1312 3273">
     <span class='ocr_line' id='line_1_11' title="bbox 368 2811 777 2894; baseline -0.002 -18"><span class='ocrx_word' id='word_1_44' title='bbox 368 2811 427 2878; x_wconf 84' lang='lat' dir='ltr'>Ov.</span> <span class='ocrx_word' id='word_1_45' title='bbox 450 2815 559 2877; x_wconf 89' lang='lat' dir='ltr'>Amor.</span> <span class='ocrx_word' id='word_1_46' title='bbox 583 2813 641 2893; x_wconf 83' lang='lat'>111,</span> <span class='ocrx_word' id='word_1_47' title='bbox 666 2815 694 2894; x_wconf 84' lang='lat'>9,</span> <span class='ocrx_word' id='word_1_48' title='bbox 719 2815 777 2876; x_wconf 85' lang='lat'>59:</span> 
     </span>
     <span class='ocr_line' id='line_1_12' title="bbox 434 2935 1312 3020; baseline -0.006 -17"><span class='ocrx_word' id='word_1_49' title='bbox 434 2941 461 3003; x_wconf 91' lang='lat' dir='ltr'>si</span> <span class='ocrx_word' id='word_1_50' title='bbox 483 2945 588 3002; x_wconf 89' lang='lat' dir='ltr'>tamen</span> <span class='ocrx_word' id='word_1_51' title='bbox 613 2958 630 3002; x_wconf 92' lang='lat' dir='ltr'>e</span> <span class='ocrx_word' id='word_1_52' title='bbox 655 2938 747 3002; x_wconf 88' lang='lat' dir='ltr'>nobis</span> <span class='ocrx_word' id='word_1_53' title='bbox 769 2938 890 3020; x_wconf 87' lang='lat' dir='ltr'>aliquid</span> <span class='ocrx_word' id='word_1_54' title='bbox 915 2939 977 3001; x_wconf 89' lang='lat' dir='ltr'>nisi</span> <span class='ocrx_word' id='word_1_55' title='bbox 1002 2957 1118 3001; x_wconf 88' lang='lat' dir='ltr'>nomeu</span> <span class='ocrx_word' id='word_1_56' title='bbox 1144 2941 1175 2999; x_wconf 93' lang='lat' dir='ltr'>et</span> <span class='ocrx_word' id='word_1_57' title='bbox 1198 2935 1312 3000; x_wconf 90' lang='lat' dir='ltr'>umbra</span> 
     </span>
     <span class='ocr_line' id='line_1_13' title="bbox 434 3051 1221 3144; baseline -0.006 -16"><span class='ocrx_word' id='word_1_58' title='bbox 434 3070 539 3144; x_wconf 85' lang='lat' dir='ltr'>restat,</span> <span class='ocrx_word' id='word_1_59' title='bbox 563 3066 596 3126; x_wconf 92' lang='lat' dir='ltr'>in</span> <span class='ocrx_word' id='word_1_60' title='bbox 620 3063 731 3144; x_wconf 83' lang='lat' dir='ltr'>Elysia</span> <span class='ocrx_word' id='word_1_61' title='bbox 755 3063 839 3126; x_wconf 88' lang='lat' dir='ltr'>valle</span> <span class='ocrx_word' id='word_1_62' title='bbox 862 3062 1007 3126; x_wconf 81' lang='lat' dir='ltr'>Tibullus</span> <span class='ocrx_word' id='word_1_63' title='bbox 1031 3064 1099 3126; x_wconf 84' lang='lat' dir='ltr'>erit.</span> <span class='ocrx_word' id='word_1_64' title='bbox 1217 3051 1221 3060; x_wconf 73' lang='grc'>’</span> 
     </span>
     <span class='ocr_line' id='line_1_14' title="bbox 367 3189 1051 3273; baseline -0.006 -19"><span class='ocrx_word' id='word_1_65' title='bbox 367 3191 479 3254; x_wconf 79' lang='lat' dir='ltr'>umbra</span> <span class='ocrx_word' id='word_1_66' title='bbox 502 3197 687 3273; x_wconf 85' lang='lat' dir='ltr'>corruptum</span> <span class='ocrx_word' id='word_1_67' title='bbox 714 3195 761 3254; x_wconf 88' lang='lat' dir='ltr'>est</span> <span class='ocrx_word' id='word_1_68' title='bbox 785 3189 823 3254; x_wconf 89' lang='lat' dir='ltr'>cf.</span> <span class='ocrx_word' id='word_1_69' title='bbox 849 3211 899 3253; x_wconf 84' lang='lat' dir='ltr'>vv.</span> <span class='ocrx_word' id='word_1_70' title='bbox 924 3190 975 3252; x_wconf 83' lang='lat'>60.</span> <span class='ocrx_word' id='word_1_71' title='bbox 1001 3190 1051 3251; x_wconf 83' lang='lat'>65.</span> 
     </span>
    </p>
   </div>
   <div class='ocr_carea' id='block_1_6' title="bbox 843 3461 934 3527">
    <p class='ocr_par' dir='ltr' id='par_1_6' title="bbox 843 3461 934 3527">
     <span class='ocr_line' id='line_1_15' title="bbox 843 3461 934 3527; baseline 0.022 -2"><span class='ocrx_word' id='word_1_72' title='bbox 843 3461 934 3527; x_wconf 83' lang='lat' dir='ltr'>XVI.</span> 
     </span>
    </p>
   </div>
   <div class='ocr_carea' id='block_1_7' title="bbox 326 3700 1437 4535">
    <p class='ocr_par' dir='ltr' id='par_1_7' title="bbox 326 3700 1437 4535">
     <span class='ocr_line' id='line_1_16' title="bbox 370 3700 692 3781; baseline -0.012 -16"><span class='ocrx_word' id='word_1_73' title='bbox 370 3700 427 3765; x_wconf 83' lang='lat' dir='ltr'>Ov.</span> <span class='ocrx_word' id='word_1_74' title='bbox 450 3701 499 3765; x_wconf 83' lang='lat' dir='ltr'>Tr.</span> <span class='ocrx_word' id='word_1_75' title='bbox 522 3700 578 3781; x_wconf 81' lang='lat' dir='ltr'>IV,</span> <span class='ocrx_word' id='word_1_76' title='bbox 602 3702 631 3781; x_wconf 77' lang='lat'>9,</span> <span class='ocrx_word' id='word_1_77' title='bbox 658 3700 692 3762; x_wconf 92' lang='lat' dir='ltr'>l:</span> 
     </span>
     <span class='ocr_line' id='line_1_17' title="bbox 459 3823 1280 3907; baseline -0.001 -19"><span class='ocrx_word' id='word_1_78' title='bbox 459 3827 487 3889; x_wconf 92' lang='lat' dir='ltr'>si</span> <span class='ocrx_word' id='word_1_79' title='bbox 509 3826 583 3888; x_wconf 93' lang='lat' dir='ltr'>licet</span> <span class='ocrx_word' id='word_1_80' title='bbox 605 3828 636 3888; x_wconf 87' lang='lat' dir='ltr'>et</span> <span class='ocrx_word' id='word_1_81' title='bbox 659 3825 785 3907; x_wconf 66' lang='lat' dir='ltr'>pateris</span> <span class='ocrx_word' id='word_1_82' title='bbox 807 3843 923 3887; x_wconf 89' lang='lat' dir='ltr'>nomen</span> <span class='ocrx_word' id='word_1_83' title='bbox 946 3823 1138 3907; x_wconf 79' lang='lat' dir='ltr'>facinusque</span> <span class='ocrx_word' id='word_1_84' title='bbox 1161 3824 1280 3905; x_wconf 71' lang='lat' dir='ltr'>taceba</span> 
     </span>
     <span class='ocr_line' id='line_1_18' title="bbox 458 3949 1140 4034; baseline -0.001 -19"><span class='ocrx_word' id='word_1_85' title='bbox 458 3957 489 4015; x_wconf 91' lang='lat' dir='ltr'>et</span> <span class='ocrx_word' id='word_1_86' title='bbox 512 3957 567 4015; x_wconf 90' lang='lat' dir='ltr'>tua</span> <span class='ocrx_word' id='word_1_87' title='bbox 590 3949 739 4014; x_wconf 83' lang='lat' dir='ltr'>Lethaeis</span> <span class='ocrx_word' id='word_1_88' title='bbox 759 3956 828 4014; x_wconf 86' lang='lat' dir='ltr'>acta</span> <span class='ocrx_word' id='word_1_89' title='bbox 852 3950 1014 4014; x_wconf 86' lang='lat' dir='ltr'>dabuntur</span> <span class='ocrx_word' id='word_1_90' title='bbox 1039 3953 1140 4034; x_wconf 69' lang='lat' dir='ltr'>aquis</span> 
     </span>
     <span class='ocr_line' id='line_1_19' title="bbox 460 4071 1357 4159; baseline -0.001 -20"><span class='ocrx_word' id='word_1_91' title='bbox 460 4081 631 4159; x_wconf 89' lang='lat' dir='ltr'>nostraque</span> <span class='ocrx_word' id='word_1_92' title='bbox 655 4076 803 4138; x_wconf 86' lang='lat' dir='ltr'>vincetur</span> <span class='ocrx_word' id='word_1_93' title='bbox 826 4076 966 4140; x_wconf 82' lang='lat' dir='ltr'>lacrimis</span> <span class='ocrx_word' id='word_1_94' title='bbox 989 4075 1149 4140; x_wconf 72' lang='lat' dir='ltr'>clementia</span> <span class='ocrx_word' id='word_1_95' title='bbox 1172 4077 1268 4140; x_wconf 87' lang='lat' dir='ltr'>seris:</span> <span class='ocrx_word' id='word_1_96' title='bbox 1354 4071 1357 4078; x_wconf 78' lang='grc'><strong>’</strong></span> 
     </span>
     <span class='ocr_line' id='line_1_20' title="bbox 352 4200 1109 4284; baseline 0.003 -22"><span class='ocrx_word' id='word_1_97' title='bbox 352 4257 353 4262; x_wconf 73' lang='grc'>,</span> <span class='ocrx_word' id='word_1_98' title='bbox 458 4200 507 4264; x_wconf 86' lang='lat' dir='ltr'>fac</span> <span class='ocrx_word' id='word_1_99' title='bbox 528 4202 631 4282; x_wconf 87' lang='lat' dir='ltr'>mede,</span> <span class='ocrx_word' id='word_1_100' title='bbox 654 4206 685 4264; x_wconf 90' lang='lat' dir='ltr'>te</span> <span class='ocrx_word' id='word_1_101' title='bbox 708 4207 814 4283; x_wconf 88' lang='lat' dir='ltr'>pateat</span> <span class='ocrx_word' id='word_1_102' title='bbox 837 4204 1031 4284; x_wconf 85' lang='lat' dir='ltr'>paenituisse</span> <span class='ocrx_word' id='word_1_103' title='bbox 1055 4205 1109 4265; x_wconf 89' lang='lat' dir='ltr'>tui.</span> 
     </span>
     <span class='ocr_line' id='line_1_21' title="bbox 372 4326 1437 4410; baseline 0.001 -19"><span class='ocrx_word' id='word_1_104' title='bbox 372 4326 469 4391; x_wconf 82' lang='lat' dir='ltr'>Owen</span> <span class='ocrx_word' id='word_1_105' title='bbox 494 4328 608 4391; x_wconf 91' lang='lat' dir='ltr'>edidit:</span> <span class='ocrx_word' id='word_1_106' title='bbox 634 4327 797 4407; x_wconf 78' lang='lat' dir='ltr'>dementia,</span> <span class='ocrx_word' id='word_1_107' title='bbox 821 4329 906 4410; x_wconf 90' lang='lat' dir='ltr'>quod</span> <span class='ocrx_word' id='word_1_108' title='bbox 930 4328 1070 4392; x_wconf 87' lang='lat' dir='ltr'>defendit</span> <span class='ocrx_word' id='word_1_109' title='bbox 1092 4328 1163 4392; x_wconf 90' lang='lat' dir='ltr'>coll.</span> <span class='ocrx_word' id='word_1_110' title='bbox 1188 4331 1258 4390; x_wconf 89' lang='lat' dir='ltr'>Am.</span> <span class='ocrx_word' id='word_1_111' title='bbox 1283 4328 1307 4406; x_wconf 79' lang='lat' dir='ltr'>l,</span> <span class='ocrx_word' id='word_1_112' title='bbox 1333 4328 1362 4405; x_wconf 79' lang='lat'>7,</span> <span class='ocrx_word' id='word_1_113' title='bbox 1389 4330 1437 4392; x_wconf 89' lang='grc'>19.</span> 
     </span>
     <span class='ocr_line' id='line_1_22' title="bbox 326 4451 1037 4535; baseline 0.003 -21"><span class='ocrx_word' id='word_1_114' title='bbox 326 4451 440 4515; x_wconf 85' lang='lat' dir='ltr'>Tibull.</span> <span class='ocrx_word' id='word_1_115' title='bbox 464 4452 489 4532; x_wconf 79' lang='grc' dir='ltr'>Ι,</span> <span class='ocrx_word' id='word_1_116' title='bbox 515 4455 544 4529; x_wconf 82' lang='lat'>2,</span> <span class='ocrx_word' id='word_1_117' title='bbox 572 4454 627 4530; x_wconf 76' lang='lat' dir='ltr'>ll3</span> <span class='ocrx_word' id='word_1_118' title='bbox 652 4470 710 4535; x_wconf 85' lang='lat' dir='ltr'>ego</span> <span class='ocrx_word' id='word_1_119' title='bbox 734 4452 817 4514; x_wconf 86' lang='lat' dir='ltr'>malo</span> <span class='ocrx_word' id='word_1_120' title='bbox 839 4451 1037 4517; x_wconf 75' lang='lat' dir='ltr'>vehementia.</span> 
     </span>
    </p>
   </div>
   <div class='ocr_carea' id='block_1_8' title="bbox 0 0 1684 5294">
    <p class='ocr_par' dir='ltr' id='par_1_8' title="bbox 0 0 1684 5294">
     <span class='ocr_line' id='line_1_23' title="bbox 0 0 1684 5294; baseline 0 0"><span class='ocrx_word' id='word_1_121' title='bbox 0 0 1684 5294; x_wconf 95' lang='lat' dir='ltr'> </span> 
     </span>
    </p>
   </div>
  </div>
 </body>
</html>
