3356 5294
841 555 882 619 22

307 767 336 849 6,
368 766 407 830 27
440 765 478 831 of.
510 765 605 831 Riese
636 767 675 831 ad
705 765 817 832 Catull.
850 768 901 849 15,
925 765 977 848 11)
1000 783 1095 849 quam
1120 764 1205 849 qnod
1227 765 1417 848 praepositio

305 894 406 958 otiosa
439 913 503 957 non
539 892 685 958 abhorret
719 892 758 956 ab
793 902 856 958 usn
880 890 1046 956 Ovidiano.
1069 889 1221 974 Compara
1246 889 1417 973 „deceptus

305 1018 344 1082 ab
375 1019 473 1083 arv0''
495 1018 538 1084 .P.
568 1019 594 1101 Ι,
623 1023 651 1102 5,
678 1020 728 1082 ³3.
750 1019 787 1083 cf.
812 1017 910 1084 Owen
934 1018 974 1083 ad
996 1019 1045 1082 Tr.
1068 1017 1092 1095 Ι,
1117 1017 1167 1095 11,
1192 1018 1240 1080 12.
1263 1015 1301 1080 K.
1326 1015 1416 1081 Gutt-

305 1165 410 1228 mann,
441 1143 660 1229 Sogenanntes
691 1143 950 1210 instrumentales
981 1144 1021 1208 ab
1052 1142 1103 1207 bei
1135 1140 1225 1206 Ovid.
1256 1141 1363 1226 Progr.
1387 1161 1416 1204 v.

303 1270 493 1355 Dortmund,
518 1273 610 1336 1890.

304 1665 339 1729 P.
360 1664 387 1748 Ι,
410 1665 439 1748 3,
463 1666 504 1728 83
528 1682 702 1749 persequar
724 1668 760 1728 nt
782 1668 924 1746 cunctos,
946 1663 1029 1728 nulli
1049 1663 1142 1729 datus
1161 1663 1312 1729 omnibus
1330 1666 1417 1732 aevis

524 1795 588 1854 tam
612 1789 724 1873 procul
747 1810 766 1853 a
787 1790 889 1874 patria
912 1793 960 1854 est
982 1788 1179 1854 horridiorve
1201 1789 1299 1854 locun.

525 1934 589 1998 quo
612 1909 712 2000 magis
735 1916 877 1999 ignoscat
899 1916 1054 1999 sapientia
1077 1919 1182 1980 vestra
1205 1915 1333 1998 dolenti,
1426 1921 1429 1928 “

524 2042 581 2124 qui
603 2039 679 2104 facit
701 2058 742 2104 ex
766 2041 858 2105 dictis
882 2059 946 2105 non
969 2041 1014 2104 ita
1038 2039 1137 2105 multa
1157 2021 1233 2105 tuis

347 2223 442 2290 Dicto
471 2232 548 2292 sunt
577 2231 743 2311 praecepta
772 2232 805 2292 et
828 2227 945 2292 solacia
957 2227 981 2307 1)
1003 2225 1122 2310 Rufini,
1146 2225 1315 2310 quaesere
1337 2225 1417 2290 nihil

304 2351 408 2416 valere
441 2342 492 2415 ad‘
515 2351 747 2436 aegritudinem
783 2351 988 2416 minuendam
1024 2350 1194 2435 respondet
1229 2356 1332 2435 poeta
1357 2351 1417 2416 Vel

302 2479 405 2540 totum
438 2475 594 2540 distichon
625 2477 777 2560 (ee-86)
806 2477 856 2540 vel
879 2496 906 2538 v.
930 2475 972 2540 86
997 2475 1141 2562 damnari
1164 2475 1251 2540 solet.
1273 2474 1417 2541 Kornius

304 2599 437 2686 (Stroph.
469 2622 497 2686 p.
529 2603 592 2662 212
625 2602 704 2684 sqq.)
734 2601 898 2666 contendit
919 2619 983 2664 non
1007 2602 1141 2684 elucere,
1163 2621 1228 2686 quo
1253 2602 1317 2666 sint
1338 2600 1418 2666 refe·
1521 2665 1529 2682 ,

302 2727 402 2791 renda
432 2725 488 2790 illa
517 2745 577 2807 quo
603 2726 707 2808 anapia.
732 2726 776 2790 At
796 2726 893 2791 finem
915 2728 1086 2810 imponunt
1108 2726 1157 2811 iis,
1180 2746 1262 2811 qnae
1285 2746 1418 2792 excusa·

185 2849 189 2858 '
303 2851 399 2915 tionis
427 2851 528 2935 gratia
559 2851 759 2915 enumeravit
788 2855 880 2935 poeta
907 2850 956 2932 (cf.
973 2850 1027 2914 rr.
1052 2851 1077 2934 I,
1103 2851 1152 2934 ll,
1175 2852 1225 2915 35.
1248 2850 1283 2915 P.
1306 2849 1365 2934 ΠΙ,
1387 2853 1418 2934 4,

303 2976 354 3039 43.
386 2974 448 3040 Oic.
478 2976 518 3040 ad
548 2977 614 3040 Att
644 2975 702 3058 IV,
732 2977 762 3058 6,
793 2975 842 3058 8);
874 2995 933 3042 nec
956 2975 1061 3042 obstat
1084 2977 1238 3061 oppositio
1260 2978 1344 3041 inter
1365 2997 1416 3040 vv.

304 3101 432 3163 85-86
456 3105 488 3165 et
509 3119 560 3163 vv.
586 3102 716 3165 81—88
1272 3103 1282 3124 ⁸

478 3318 536 3364 nec
558 3304 664 3364 tamen
687 3297 817 3380 infitior,
842 3301 869 3365 si
892 3301 1015 3384 possint
1037 3305 1145 3366 nostra
1168 3301 1252 3365 coire

379 3427 381 3434 '
478 3411 620 3510 vulnera,
644 3427 820 3510 praeceptis
845 3445 938 3510 posse
960 3427 1045 3491 coire
1066 3428 1140 3491 tuis.

302 3631 339 3690 ut
371 3627 498 3691 videtur
532 3627 609 3690 viro.
636 3626 739 3709 docto,
774 3647 848 3690 nam
879 3625 927 3690 Tr.
958 3625 998 3710 V,
1023 3627 1064 3688 12
1087 3626 1199 3690 iisdem
1222 3626 1288 3691 fere
1310 3626 1415 3693 verbis

302 3753 395 3816 amici
425 3751 593 3817 consilium
627 3751 735 3834 abjicit
766 3756 797 3816 et
827 3770 910 3836 quae
941 3751 1016 3815 inde
1039 3771 1057 3815 a
1080 3772 1109 3814 r.
1134 3753 1173 3814 59
1197 3752 1243 3816 ibi
1265 3752 1416 3836 leguntur

301 3881 335 3942 in
357 3878 421 3944 fine
442 3879 572 3960 addidit,
595 3896 636 3942 ne
658 3897 790 3962 prorsus
813 3879 945 3943 consilia
967 3879 1086 3943 reicere
1109 3883 1141 3943 et
1163 3898 1310 3962 spernere
1329 3880 1414 3945 vide-

302 4010 390 4069 retur
421 4004 457 4068 cf.
488 4004 523 4068 Ρ.
553 4003 611 4088 ΠΙ,
643 4009 672 4087 4,
695 4005 745 4068 65.
769 4001 890 4087 Operae
913 4005 1050 4088 pretium
1075 4008 1122 4068 est
1145 4023 1334 4088 componere
1357 4003 1413 4070 Oa-

302 4211 445 4220 -—-

336 4339 362 4405 1)
387 4335 487 4390 quant
509 4339 614 4403 poetam
638 4335 723 4404 magia
749 4321 855 4388 »mollia
878 4333 975 4389 verbn”
994 4335 1035 4402 (P.
1053 4335 1104 4404 III,
1120 4301 1146 4404 2,
1163 4339 1205 4401 14)
1224 4353 1304 4406 quam
1321 4353 1414 4406 aspera

302 4429 343 4496 (P.
360 4428 397 4497 Π,
414 4428 438 4496 6,
454 4430 492 4494 8),
507 4443 569 4481 nam
586 4429 706 4495 »respuit
720 4430 800 4496 atque
817 4426 978 4481 odio·verba
994 4427 1127 4481 monentia
1141 4427 1238 4482 noar
1248 4428 1334 4494 (Rem.
1344 4431 1411 4496 124).
