3356 5294
808 557 848 619 21

264 766 313 830 Tr.
337 766 396 848 111,
422 767 450 849 l,
476 765 513 830 75
538 765 670 830 forsitan
695 771 726 830 et
749 765 842 830 nobis
867 766 942 830 olim
967 769 1074 832 minus
1098 787 1189 852 asper
1211 772 1242 832 et
1265 768 1313 831 illi

532 893 655 956 evictus
678 892 773 976 longo
797 897 938 976 tempore
962 891 1077 956 Caesar
1100 894 1166 957 erit.

530 1017 571 1098 di,
590 1001 711 1101 precor,
727 1024 824 1102 atque
836 1017 913 1082 adeo
928 1055 967 1064 —
981 1021 1184 1103 nequeenim
1196 1020 1275 1082 mihi
1287 1018 1380 1083 turba

1103 1143 1244 1227 roganda
1267 1149 1314 1208 est
1336 1182 1378 1192 -

530 1267 652 1352 Caesar,
676 1269 751 1333 ades
774 1273 858 1351 voto,
881 1269 1020 1333 maxime
1043 1268 1124 1350 dive,
1148 1269 1235 1332 meo!

308 1457 455 1522 Ceterum
480 1457 543 1521 duo
567 1457 702 1522 tenenda
726 1467 817 1522 sunt:
842 1459 980 1542 primum
1004 1461 1061 1540 est,
1085 1457 1169 1541 quod
1189 1459 1273 1521 inter
1292 1455 1376 1521 Deos

263 1585 449 1666 Augustum
469 1584 670 1667 potissimum
691 1588 833 1667 spectare
853 1583 933 1648 solet
952 1582 1088 1648 Ovidius
1102 1583 1150 1646 Tr.
1162 1583 1221 1666 ΠΙ,
1235 1585 1263 1666 1,
1278 1582 1316 1645 77
1330 1603 1376 1666 sq.

264 1711 293 1792 2,
325 1709 364 1772 27
391 1729 436 1792 sq.
460 1709 494 1772 P.
518 1709 544 1792 I,
569 1712 597 1793 l,
620 1709 670 1773 63.
694 1709 774 1774 Ibid.
799 1710 850 1792 23,
874 1709 1019 1792 alterum,
1043 1710 1130 1792 quod
1152 1728 1245 1793 saepe
1269 1709 1376 1773 minus

264 1834 431 1918 distinguit
466 1837 551 1899 inter
584 1835 769 1919 Augustum
802 1836 906 1898 virum
942 1839 972 1898 et
1007 1834 1103 1898 deum
1137 1833 1175 1897 cf.
1208 1834 1299 1897 Trist.
1334 1832 1377 1916 Π,

265 1961 304 2021 td
328 1979 374 2043 sq.
401 1959 459 2043 HI,
486 1962 513 2043 1,
538 1961 576 2024 75
602 1980 669 2044 sqq.
692 1959 734 2043 V,
756 1963 785 2043 2,
808 1962 849 2022 45
875 1980 943 2044 sqq.
966 1958 1114 2044 Requirit
1136 1979 1230 2043 porro
1253 1959 1374 2023 Merke-

260 2085 326 2150 lius
348 2092 419 2170 post
441 2105 470 2150 r.
495 2088 536 2151 98
560 2087 646 2169 (loo)
670 2086 790 2169 aliquid
814 2086 918 2149 velut:

438 2269 473 2335 Si
496 2271 692 2335 maiestatem
717 2275 843 2334 sunctae
865 2269 1032 2334 clementia
1054 2271 1179 2352 mentia,

437 2396 591 2460 iustitiam
616 2398 728 2460 veniae
751 2399 779 2460 si
802 2397 971 2460 comitatur
993 2413 1089 2459 amor.

262 2583 442 2667 „namque”
473 2584 569 2667 addit,
606 2587 695 2667 „sine
726 2585 833 2668 aliqua
863 2584 1019 2649 eiusmodi
1050 2585 1256 2649 conversione
1287 2584 1372 2668 quod

258 2713 404 2793 sequitur
434 2711 480 2775 Aa
501 2716 536 2775 to
558 2713 788 2776 inconcinnum
812 2711 922 2776 foret''
945 2712 1017 2775 Jam
1044 2713 1130 2795 satis,
1153 2716 1239 2796 puto,
1262 2710 1372 2774 lauda-

171 2875 173 2880 .
258 2837 306 2900 vit
335 2842 429 2920 poeta
460 2836 624 2902 Caesarem
651 2839 761 2901 mitem
784 2841 815 2901 et
833 2838 967 2920 iustum,
992 2840 1028 2900 ut
1050 2842 1122 2920 post
1145 2836 1372 2920 digressionem

258 2961 410 3042 (il-96)
446 2962 563 3026 rediret
596 2962 636 3027 ad
670 2962 805 3026 Fabium
840 2961 1018 3025 Maximum
1050 2961 1088 3025 cf.
1120 2961 1154 3024 P.
1185 2960 1371 3046 111‚c‚39.

256 3084 345 3149 Illud
367 3092 430 3149 tom
450 3087 574 3166 pianda
597 3107 622 3152 e.
636 3109 664 3172 q.
678 3107 701 3152 s.
725 3089 865 3152 annectit
883 3088 997 3170 priora,
1016 3105 1099 3170 quae
1118 3087 1201 3151 votis
1219 3105 1277 3170 pro
1297 3086 1372 3150 an-

254 3208 379 3273 saribus
403 3210 600 3275 dividuntur.

259 3591 294 3655 P.
317 3589 343 3672 Ι,
367 3594 396 3674 2,
422 3592 482 3654 107
507 3592 654 3676 denique,
677 3595 705 3659 si
728 3596 853 3678 moriar,
876 3594 1007 3660 subeam
1030 3593 1173 3678 pacatius
1196 3612 1317 3675 arvum,

511 3739 583 3784 ossa
605 3739 665 3784 nee
687 3741 705 3785 a
728 3719 876 3803 Scythica
897 3725 1006 3786 nostra
1029 3725 1212 3805 premantur
1233 3720 1340 3783 humo.

301 3905 411 3971 Edidit
436 3889 712 3991 anethungiusu:
737 3926 810 3972 ossa
830 3926 889 3972 neo
912 3909 947 3971 a!
972 3907 1120 3989 Scythica
1144 3925 1169 3971 e.
1182 3926 1210 3990 q.
1223 3925 1248 3970 s.
1267 3905 1368 3969 Inter-

253 4031 348 4113 jectio
368 4032 513 4116 displicet
531 4052 594 4096 non
616 4037 679 4096 tam
699 4039 826 4118 propter
843 4032 949 4097 sedem
968 4032 1026 4114 (Tr.
1038 4032 1077 4115 V,
1099 4031 1148 4114 10,
1161 4033 1198 4092 51
1215 4029 1369 4114 Lygdam.

260 4224 403 4232 *—

297 4341 322 4403 1)
344 4339 373 4391 P.
391 4338 472 4391 oum
489 4339 602 4392 Nasonis
619 4339 700 4406 rasa,
716 4338 844 4392 ausuum
860 4338 932 4404 libri,
949 4337 1012 4404 mu,
1029 4336 1143 4403 upp.01
1158 4298 1367 4401 Pontanena-

262 4429 323 4497 tica,
339 4429 495 4497 fragmenta
512 4430 581 4482 adid.
600 4432 631 4484 0.
649 4430 787 4498 dorffling.
804 4429 909 4497 Lipsiae
927 4430 999 4480 1884.
