3356 5294
793 537 859 663 ,53

276 786 374 868 „est”
397 787 470 851 Non
494 790 579 852 enim
604 791 640 852 ut
663 787 708 851 ibi
727 789 767 888 de
785 737 1239 874 perturbationibusincitatis
1252 793 1292 857 de
1305 797 1394 858 metu

273 917 367 976 aucto
398 918 507 977 nostro
530 914 600 977 loco
624 915 736 997 agitur.
762 913 853 978 Vana
876 916 968 979 timet
989 922 1082 1000 poeta
1105 917 1141 981 ef.
1164 919 1236 981 Am.
1260 918 1284 996 I,
1309 919 1338 1000 6,
1363 920 1393 982 9.

272 1037 555 1121 Honestius,
581 1041 621 1102 53
646 1060 685 1122 sq
716 1038 832 1103 Juven.
857 1039 899 1122 X,
923 1041 973 1104 21.
997 1041 1085 1126 Virg.
1108 1043 1186 1107 Aen.
1211 1043 1253 1125 Π,
1279 1044 1351 1107 728.

242 1506 248 1516 ,
273 1434 307 1497 P.
330 1433 373 1516 ΙΙ,
399 1434 427 1515 7,
454 1434 493 1494 77
518 1433 677 1498 sustineas
709 1439 744 1497 ut
770 1453 861 1516 onus,
885 1435 1051 1499 nitendum
1077 1438 1194 1500 vertice
1218 1437 1312 1520 pleno
1336 1441 1393 1518 est,

517 1566 572 1623 aut
594 1559 680 1623 flecti
703 1557 818 1624 nervos
842 1547 869 1624 si
892 1562 1020 1643 patiere,
1041 1562 1139 1624 cadet.

317 1751 356 1814 In
392 1750 481 1813 codd.
519 1749 728 1814 deterioribus
763 1755 843 1813 racto
875 1749 999 1831 legitur.
1025 1747 1167 1831 Oonjecit
1190 1748 1267 1813 celso
1288 1749 1392 1832 Riese,

270 1874 366 1954 plano
397 1874 543 1938 Schenkl.
568 1874 676 1937 Malim
701 1875 805 1956 legere
827 1878 910 1936 tento
933 1877 1059 1956 propter
1083 1873 1218 1937 verbum
1238 1873 1358 1952 flecma
1370 1873 1392 1951 1)

274 2004 360 2086 quod
385 2005 538 2108 sequitur.
563 2003 601 2065 In
626 2003 693 2065 cod.
717 2003 917 2084 Argentorat.
938 2001 1090 2094 scriptum
1113 2007 1161 2064 est
1179 1999 1305 2064 nitendo
1325 2020 1393 2064 oer-

273 2127 439 2191 tinctorio.

197 2535 199 2539 ’
275 2521 311 2586 Ρ.
336 2521 378 2602 Π,
401 2525 431 2603 8,
455 2523 498 2584 53
523 2519 666 2584 Caesaris
689 2520 828 2583 adventu
853 2524 922 2583 tuta
944 2518 1099 2603 gladiator
1122 2519 1240 2584 harena

434 2649 436 2654 ’
526 2649 593 2711 exit
615 2652 647 2711 et
669 2647 825 2710 auxilium
849 2665 914 2710 non
938 2646 1008 2711 leve
1031 2645 1151 2710 vulnus
1175 2644 1277 2710 habet

319 2835 382 2898 Hic
412 2834 519 2900 Riesio
550 2836 707 2899 assentior
728 2833 772 2898 od
793 2838 906 2898 uotum
930 2832 1091 2898 scribenti.
1115 2831 1197 2896 Nam
1221 2833 1293 2901 lieet
1316 2831 1394 2897 Sue-

275 2963 383 3032 tonius
413 2963 445 3023 in
478 2962 544 3025 vita
570 2962 711 3044 Augusti
734 2965 772 3040 (c.
798 2961 852 3038 92)
876 2964 982 3022 narret
1005 2959 1089 3042 apud
1112 2959 1235 3042 insulas
1260 2957 1394 3043 Capreas

277 3089 464 3151 veterrimae
505 3088 589 3150 ilicis
628 3087 782 3151 demissos
817 3088 880 3149 iam
916 3087 955 3149 ad
991 3092 1106 3150 terram
1141 3087 1395 3170 languentesque

243 3248 245 3253 ·
276 3233 382 3278 ramos
413 3214 614 3278 convaluisse
643 3214 783 3296 Augusti
816 3211 966 3294 adventu,
992 3217 1023 3275 at
1045 3217 1152 3276 tamen
1175 3213 1317 3296 principe
1340 3231 1395 3295 po-

278 3339 367 3402 dium
397 3338 630 3402 conscendente
658 3337 864 3420 gladiatorem
896 3337 1023 3401 salvum
1053 3338 1172 3401 harena
1199 3337 1307 3421 egredi
1329 3356 1394 3400 non
1436 3415 1438 3422 γ

277 3465 381 3529 tradit.
417 3463 584 3528 Prohibuit
607 3469 732 3527 tantum
760 3466 842 3547 Aug.
865 3465 1054 3547 gladiatores
1078 3466 1147 3530 sine
1170 3465 1321 3528 missione
1344 3464 1396 3528 edi

277 3589 346 3673 (1.1.
379 3609 406 3654 c.
437 3591 503 3671 45).
535 3588 681 3653 Getarum
710 3591 868 3654 eiusmodi
892 3592 1081 3674 spectaculis
1104 3592 1197 3656 valde
1220 3591 1394 3656 delectaba-

278 3721 330 3778 tur
353 3714 437 3798 (Tac.
461 3735 534 3778 ann.
558 3715 583 3796 Ι,
601 3714 672 3798 ed).
697 3753 738 3761 -
763 3716 829 3778 Vix
848 3717 946 3800 igitur
967 3721 1044 3800 puto
1069 3716 1290 3800 Augustumu
1313 3735 1394 3779 mor·

278 3845 341 3906 tem
365 3842 525 3905 remisisse
543 3840 772 3924 gladiatoribus
792 3842 930 3906 adventu
953 3861 1020 3906 suo.
1041 3841 1079 3905 ln
1099 3860 1236 3906 errorem
1256 3842 1396 3924 induxit,

279 3974 367 4052 puto,
391 3967 536 4032 librarios
560 3967 727 4050 distichon,
751 3968 837 4050 quod
860 3967 1083 4052 subsequitur:

313 4287 341 4353 Ι)
360 4288 439 4356 Prop.
456 4289 498 4355 IV,
516 4291 540 4350 8,
557 4291 573 4341 5
590 4305 627 4358 sq.

313 4383 340 4446 2)
356 4381 425 4433 Plut.
450 4379 530 4433 Num.
557 4380 592 4434 X.
619 4380 823 4444 Ῥαβὸονχοῦνται
849 4380 873 4430 δὲ
900 4375 1020 4442 eporeiam
1046 4380 1176 4450 (virgines
1192 4380 1332 4446 Vestalem·
1350 4382 1393 4432 abio

278 4473 388 4536 ἀγομένῳ
407 4473 450 4521 τινὶ
478 4474 646 4533 aspiciebatur
663 4471 807 4533 αὐτομάτως
825 4471 982 4534 συντύχωσιν,
1001 4472 1043 4522 oda
1061 4474 1196 4535 ἀναιρειτκι.
