3356 5294
850 527 892 593 26

307 739 357 804 vel
382 738 438 804 ubi
464 741 581 803 maiora
606 759 702 824 quem
726 738 856 804 Ulixem
882 759 916 804 se
940 744 1106 824 expertum
1130 759 1199 806 esse
1221 741 1423 806 malancrrat

305 863 340 927 P.
363 863 419 946 IV,
443 863 493 948 10,
516 865 557 926 25

439 1051 545 1133 Scylla
564 1055 640 1120 feris
663 1059 778 1120 trunco
802 1055 890 1139 quod
912 1021 1004 1119 latret
1027 1054 1066 1119 ab
1089 1056 1221 1139 inguine
1241 1055 1400 1137 monstris,

439 1179 623 1246 Heniochae
649 1183 756 1246 nentis
779 1182 852 1266 plus
876 1200 1013 1246 nocuere
1035 1188 1127 1264 rates,

439 1325 499 1370 neo
520 1311 610 1390 potes
633 1307 757 1372 infestis
780 1307 923 1372 conferre
945 1306 1128 1388 Charybdin
1152 1308 1297 1390 Achaeis,

438 1437 487 1497 ter
509 1409 731 1518 licet'epotum
755 1439 803 1498 ter
825 1439 934 1498 vomat
955 1434 1010 1497 illa
1030 1433 1156 1498 fretum.
1200 1419 1205 1434 ⁸

441 1559 497 1643 qui
522 1579 717 1644 quamquam
741 1560 852 1624 dextra
874 1561 1004 1644 regione
1027 1560 1176 1624 licentius
1200 1564 1315 1640 errant,

439 1701 589 1749 securum
611 1653 696 1752 latus
720 1687 780 1750 hoc
803 1704 866 1750 non
890 1690 995 1751 tamen
1020 1705 1091 1752 esse
1113 1686 1232 1751 sinunt
1273 1673 1276 1682 ⁴

351 1892 473 1958 Dextra
494 1895 648 1958 nimirum
669 1896 758 1979 regio
781 1899 829 1960 est
852 1895 948 1960 Asiae
970 1915 1032 1959 ora·
1050 1896 1218 1978 maritima,
1240 1913 1314 1959 nam
1328 1913 1420 1959 suam

308 2019 355 2103 (in
379 2018 540 2098 Colchide)
563 2023 683 2104 piratae
706 2040 770 2084 non
793 2020 945 2086 infestant
967 2020 1105 2105 (Joseph.
1124 2021 1161 2085 B.
1182 2020 1251 2086 Iud.
1264 2020 1305 2104 ΙΙ,
1320 2020 1370 2104 16,
1382 2022 1423 2099 4).

307 2144 449 2230 Reliquit
478 2147 577 2230 igitur
600 2147 838 2231 topographiam
862 2155 1030 2232 receptam,
1053 2167 1150 2232 quam
1175 2149 1323 2233 sequitur
1346 2145 1422 2211 Vel-

306 2273 389 2338 leius
412 2271 463 2355 (II,
484 2273 538 2358 411)
559 2273 691 2357 Pompei
702 2275 879 2358 triumphos
890 2292 1141 2338 commemorans
1156 2273 1290 2355 ,deinde
1300 2271 1421 2337 flexum

308 2416 421 2481 agmen
457 2399 496 2463 ad
531 2418 584 2464 eas
620 2402 774 2482 nationes,
809 2419 891 2483 qnae
925 2400 1037 2464 dextra
1070 2406 1167 2484 atque
1189 2401 1304 2464 intima
1326 2399 1422 2463 Ponti

308 2522 461 2606 incolunt,
485 2521 618 2588 Colchos
643 2523 891 2626 Heniochosque
914 2532 945 2589 et
966 2523 1142 2589 Achaeos.'’
1194 2573 1198 2581 .

352 2648 404 2712 Ad
438 2654 559 2733 partem
595 2651 756 2714 sinistram
791 2649 885 2714 Ponti
916 2650 1038 2714 Euxini
1069 2651 1226 2734 pertinere
1249 2649 1424 2715 Colchose

310 2775 439 2842 Medeae
461 2777 599 2862 epistula
624 2796 753 2861 quoque
776 2777 937 2852 discimus.
960 2776 1077 2841 Scribit
1099 2778 1184 2841 enim
1207 2776 1247 2842 de
1271 2782 1374 2861 patre:

351 2986 427 3053 Her.
453 2988 506 3072 12,
527 2990 567 3052 27
857 2988 992 3070 Scythia
1009 2992 1104 3054 tenus
1125 2988 1179 3052 ille
1201 2989 1314 3052 nivosa

578 3134 672 3180 omne
694 3120 791 3199 tenet,
813 3115 909 3180 Ponti
932 3135 996 3199 qua
1018 3114 1111 3199 plaga
1133 3114 1332 3198 laevajacet.

356 3310 445 3388 Quae
456 3331 530 3376 cum
542 3314 587 3376 ita
599 3313 664 3378 sint
675 3330 739 3382 non
753 3305 942 3377 offendimur
953 3299 999 3396 eo,
1012 3312 1096 3396 quod
1104 3316 1230 3376 nostrae
1242 3312 1332 3395 epist.
1340 3331 1370 3373 v.
1379 3312 1420 3374 23

409 3510 543 3595 adspice,
566 3512 599 3574 in
623 3511 681 3575 has
704 3515 808 3595 partes
832 3511 919 3595 qnod
942 3512 1063 3575 venerit
1086 3510 1214 3575 Aesone
1237 3514 1332 3574 natus

310 3708 386 3772 dicit
410 3707 554 3790 Ovidius,
573 3727 632 3772 nec
655 3708 815 3774 molestias
836 3708 965 3792 praebet
983 3708 1112 3772 Amoris
1132 3709 1241 3791 oratio,
1261 3711 1421 3793 qninooto

309 3834 470 3899 Nasonem
495 3835 689 3899 conveniens
711 3834 789 3898 haec
812 3835 896 3898 inter
918 3829 1187 3917 alia'respondet:

310 4019 345 4085 P.
356 4019 414 4105 HI,
428 4023 456 4103 3,
469 4022 509 4084 17
535 4026 571 4085 ut
593 4026 698 4086 tamen
722 4021 917 4105 adspicerem
940 4021 1184 4105 consolarerque
1203 4021 1371 4103 jacentem,

529 4148 618 4232 lapsa
640 4168 696 4232 per
718 4150 890 4236 immensas
913 4151 961 4211 est
984 4167 1054 4212 mea
1076 4166 1180 4232 penna
1202 4147 1280 4210 vias

531 4275 607 4338 haec
629 4275 698 4338 loca
721 4281 789 4338 tum
813 4276 954 4358 primum
976 4274 1052 4357 vidi,
1073 4292 1147 4337 cum
1171 4279 1271 4337 matre
1291 4278 1422 4355 rogante

519 4400 662 4480 ‚Phasias
690 4407 737 4466 est
759 4402 830 4466 telis
852 4400 918 4465 lixa
940 4401 1046 4485 puella
1068 4401 1157 4465 meis.
