3356 5294
809 561 850 625 59

310 769 358 834 Ita
381 770 479 834 edidit
503 769 737 855 Guetlrlingius,
762 773 818 856 qui
841 773 874 835 in
899 771 970 836 adu.
994 773 1054 836 crit
1074 772 1151 834 haec
1165 770 1274 834 habet:
1292 770 1385 852 „fort

264 896 320 978 qai
342 915 399 977 rac,
422 895 504 981 quod
524 897 630 975 pallor
653 895 875 997 scribenduro5
901 917 975 962 nam
1000 917 1064 983 quo
1089 897 1182 960 modo
1210 917 1258 960 vv.
1273 899 1313 962 33
1327 917 1388 984 sq.‚

265 1023 329 1096 nisi
363 1023 520 1088 eiusmodi
556 1022 634 1108 quid
667 1024 854 1106 restitueris,
889 1042 963 1088 eum
994 1025 1050 1105 eis,
1078 1042 1161 1108 quae
1184 1024 1387 1100 antecedunt,

251 1137 466 1232 'cohaereant
488 1168 554 1212 non
577 1147 751 1232 intelligo.''
774 1147 932 1214 Neutrum
957 1169 1068 1214 verum
1093 1157 1181 1234 puto.

313 1271 455 1338 madata
486 1275 571 1336 enim
601 1275 743 1358 Augusti
766 1274 934 1338 clementia
957 1275 1090 1355 (7-22)
1116 1276 1272 1340 convertit
1295 1280 1386 1358 poeta

269 1401 363 1464 amici
386 1401 531 1464 animum
554 1399 594 1463 ad
616 1400 768 1484 principis
788 1400 945 1481 Justitiam
968 1400 1131 1479 (23-34).
1155 1399 1225 1464 Illic
1249 1399 1386 1465 Ovidius

269 1527 374 1590 suum‘
388 1526 492 1608 ipsius
515 1526 733 1590 testiinonium
757 1526 874 1609 profert
898 1526 956 1607 (Tr.
978 1526 1020 1607 ll,
1043 1529 1113 1590 125.
1134 1527 1173 1608 V,
1193 1530 1222 1608 4,
1238 1528 1389 1611 19-20),

268 1652 319 1714 hic
343 1657 438 1716 testes
462 1653 546 1732 citat,
571 1657 727 1736 quotquot
751 1653 920 1735 Augustus
945 1654 1043 1716 exilio
1068 1653 1127 1732 (Tr.
1161 1652 1203 1736 ΙΙ,
1230 1655 1291 1717 129
1305 1639 1389 1738 sqq.)

269 1778 425 1842 multavit.
449 1778 649 1861 Argumento
669 1785 717 1842 est

267 1940 316 2004 Tr.
339 1939 381 2023 H,
408 1941 469 2004 193
494 1960 633 2026 cumque
656 1942 710 2006 alii
733 1961 830 2006 causa
853 1943 911 2007 tibi
934 1945 998 2038 sint
1020 1946 1168 2027 graviore
1191 1944 1302 2030 fugati,

491 2067 622 2129 ulterior
645 2068 736 2149 nulli,
760 2088 857 2150 quam
881 2069 968 2146 mihi,
993 2076 1076 2132 terra
1103 2069 1175 2133 data
1198 2077 1254 2134 est.
1384 2047 1386 2052 .

270 2216 341 2281 coll.
365 2236 415 2278 vv.
440 2216 479 2277 27
505 2215 660 2299 (multos),
684 2217 726 2278 29
750 2220 826 2298 (tot),
852 2217 891 2279 31
917 2216 1100 2297 (fortissima
1126 2222 1292 2300 quaeque).

237 2357 241 2362 ’
314 2339 397 2405 Male
433 2359 561 2424 quoque
596 2359 629 2404 se
663 2340 756 2404 habet
788 2341 876 2425 pala,
906 2343 992 2426 quod
1023 2342 1187 2406 Bentleius
1213 2345 1386 2426 proposuit,

270 2469 432 2530 nam'aut
461 2465 632 2548 legendum
665 2467 764 2548 „quin
797 2485 831 2530 se
852 2503 894 2513 -
918 2487 982 2530 non
1006 2469 1162 2531 meruisse
1186 2435 1308 2552 neget‚''
1333 2471 1389 2530 aut

274 2594 351 2676 „qui
382 2611 416 2657 se
441 2593 732 2658 -commeruisse
763 2591 885 2677 neget.''
915 2592 985 2657 Hoc
1013 2600 1043 2658 et
1065 2593 1207 2658 Kornius
1232 2592 1388 2678 probavIt.

270 2973 306 3038 P.
328 2973 388 3058 m,
413 2975 441 3060 9,
464 2976 505 3038 23
529 2976 686 3060 corrigere
709 2980 742 3038 at
763 2952 887 3038 resest
909 2978 997 3038 tanto
1021 2974 1122 3058 magis
1143 2974 1251 3056 ardua,
1265 2978 1384 3055 quanto

524 3119 666 3184 'magnus
688 3100 873 3164 Aristarcho
897 3101 998 3163 maior
1019 3097 1181 3164 Homerus
1204 3103 1279 3164 erat.

465 3227 506 3289 25
530 3227 577 3290 sio
599 3226 743 3289 animum
765 3225 852 3291 leuto
875 3244 1023 3289 curarum
1047 3224 1164 3308 frigore
1186 3224 1292 3307 laedit,

530 3359 567 3416 ut
590 3352 698 3436 cupidi
721 3370 836 3416 cursus
857 3350 946 3416 freno
968 3356 1104 3416 retentat
1127 3352 1211 3435 equi.

316 3515 426 3581 Possis
449 3514 591 3581 conferre
613 3513 686 3579 Met.
710 3513 766 3598 VI,
792 3514 871 3577 709:
896 3533 955 3578 nee
977 3516 1068 3599 prius
1087 3515 1164 3578 atrii
1184 3533 1300 3578 cursus
1312 3533 1389 3600 sup-

272 3644 389 3728 pressit
418 3641 574 3723 habenas3
608 3645 641 3705 at
670 3642 816 3724 displicet
839 3640 958 3723 duplex
983 3641 1153 3726 genitivus.
1177 3639 1256 3703 Inde
1280 3640 1387 3704 minus

272 3787 403 3855 quoque
426 3768 504 3831 mihi
525 3766 642 3832 arridet
664 3765 822 3830 Ehwaldii
844 3766 1012 3850 explicatio
1035 3765 1388 3847 (Bursianinuptann.

273 3895 393 3980 XLIII,
420 3896 515 3979 268);
540 3914 569 3956 v.
592 3893 633 3955 26
656 3894 699 3957 ist
721 3892 878 3975 corripere·
894 3890 1011 3958 eberiso
1034 3892 1094 3955 wie
1118 3911 1147 3953 v.
1172 3891 1214 3953 25
1239 3888 1382 3972 Subject:

274 4024 330 4088 dae
352 4021 504 4103 corripere
527 4020 659 4102 (hier=
672 4018 728 4082 der
751 4018 898 4083 Versuoh
922 4017 978 4083 des
999 4016 1133 4098 Reiters,
1152 4016 1213 4080 den
1227 4014 1317 4098 (tang
1329 4013 1385 4078 des

273 4149 405 4215 Pferdes
435 4147 527 4210 nach·
541 4146 662 4210 seinem
687 4135 805 4208 Willen
827 4163 868 4208 zu
891 4143 1023 4224 andern)
1047 4142 1113 4205 halt
1137 4142 1187 4206 die
1209 4140 1308 4225 Ziigel
1332 4139 1386 4205 des

275 4275 403 4357 RosseS,
426 4273 482 4337 das
505 4271 587 4335 nach
607 4268 730 4334 Laulen
753 4270 805 4351 (=
817 4267 927 4334 flotten
948 4266 1053 4354 Gang)
1072 4262 1388 4351 verlangt‚zuriiolr.''

275 4399 345 4484 Ego
368 4403 478 4462 contra
501 4398 635 4461 alterum
654 4395 799 4460 desidero
819 4396 1009 4478 subjectum,
1021 4393 1106 4478 quod
1119 4412 1197 4458 usus
1210 4389 1387 4456 Ovidianus
