3356 5294
881 532 921 595 16

385 742 425 808 cf.
447 741 568 807 Dinter.
593 741 712 807 Oomm.
735 741 760 824 Ι,
785 743 824 804 17
849 742 889 806 ad
912 741 948 806 P.-
970 742 995 825 I,
1021 743 1049 826 1,
1074 743 1114 806 73
1139 763 1209 827 sqq.

383 867 491 933 Monet
515 868 645 952 quidem
667 867 810 932 Phaedra
833 867 1064 952 Hippolytum:

383 993 459 1058 Her.
481 992 538 1077 TV,
563 994 600 1058 91
622 1012 723 1075 arcus,
742 995 770 1058 si
790 1013 966 1084 numquam
986 1011 1090 1058 cesses
1108 993 1247 1075 tendere,
1267 993 1371 1057 mollis
1393 995 1454 1058 erit

340 1125 372 1185 at
395 1120 479 1205 apud
502 1119 579 1184 Hor.
603 1116 662 1185 Od.
684 1118 743 1196 ΙΠ,
767 1120 797 1203 8,
821 1120 862 1182 23
885 1138 936 1184 res
960 1119 1131 1204 singularis
1155 1118 1312 1202 estquod

613 1247 678 1328 jam
701 1245 838 1327 Scythae
861 1245 935 1309 laxo
959 1245 1154 1310 meditantur
1175 1264 1252 1310 arcu

620 1371 730 1437 cedere
751 1372 882 1455 campis.

238 1871 241 1878 ,
340 1780 376 1844 P.
398 1779 424 1864 l,
449 1780 478 1862 2,
502 1779 552 1842 212
576 1782 658 1843 tecta
682 1779 786 1860 rigent
807 1777 883 1842 finis
905 1777 1006 1842 veluti
1028 1777 1143 1842 vallata
1166 1779 1289 1862 sagittis

574 1907 730 1987 portaque
752 1903 809 1966 vix
831 1902 923 1967 firma
946 1908 1126 1968 summovet
1148 1923 1236 1966 arma
1257 1921 1336 1968 sera.

384 2141 550 2206 Vooabnla
582 2139 682 2205 velato
715 2145 746 2206 et
779 2139 898 2205 oolloto
928 2139 1054 2225 saepius
1084 2141 1118 2204 in
1142 2139 1304 2204 codicibus
1327 2157 1454 2223 permu-

341 2272 491 2346 tanturn.
516 2266 602 2332 Dum
626 2269 728 2331 Amor
749 2267 808 2349 III,
835 2269 884 2350 13,
908 2268 957 2330 12.
982 2267 1052 2330 coll.
1075 2286 1126 2329 vv.
1150 2267 1192 2329 23
1217 2285 1285 2349 sqq.
1310 2269 1342 2328 et
1361 2263 1453 2328 Pont.

339 2392 396 2475 IV,
421 2395 471 2476 14,
495 2395 535 2456 55
558 2393 707 2458 facillime
730 2393 897 2476 dijudicari
919 2398 1031 2477 potest,
1051 2397 1160 2457 utrum
1180 2409 1292 2456 verum
1312 2392 1362 2473 sit,
1381 2410 1454 2454 nos-

340 2520 388 2581 tro
423 2516 492 2580 loco
527 2517 662 2582 edituos
697 2517 852 2601 dubitant,
882 2520 965 2582 inter
995 2537 1076 2602 quos
1106 2517 1248 2582 Kornius
1272 2521 1304 2582 et
1326 2516 1452 2582 Riesius
1513 2499 1520 2514 ⁴

339 2647 471 2708 tuentur
504 2641 603 2707 uelato·
638 2642 666 2727 (c
691 2644 722 2713 d.
754 2644 815 2721 A.).
838 2645 883 2708 At
903 2663 978 2727 non,
1002 2644 1105 2727 credo,
1127 2648 1210 2708 tecta
1232 2645 1345 2728 rigent,
1369 2642 1454 2726 quod

339 2769 525 2852 sagittarum
566 2767 800 2832 inhaerentium
834 2788 950 2832 corona
986 2770 1079 2852 quasi
1114 2769 1217 2834 velata
1248 2773 1325 2833 sunt
1359 2767 1454 2852 (nihil

340 2894 452 2959 saltem
486 2893 581 2976 rigidi
611 2892 705 2957 habet
738 2891 839 2975 „flava
863 2892 956 2959 Ceres
980 2899 1093 2958 tenues
1117 2894 1213 2978 spicis
1236 2893 1381 2958 redimita
1404 2912 1455 2957 ca·

339 3017 463 3103 pillos'’.
486 3019 593 3082 Amor.
617 3016 676 3100 ΙΙΙ,
701 3017 751 3102 10,
775 3017 809 3104 3)
833 3038 938 3103 neque
961 3020 1076 3084 domus
1101 3021 1198 3085 densa
1217 3019 1352 3085 telorum
1366 3021 1455 3105 copia

341 3149 465 3230 opertas
496 3143 673 3210 describere
705 3145 808 3209 voluit
830 3151 930 3229 poeta.
954 3147 1159 3230 Asperiorom
1182 3147 1288 3230 potius
1312 3145 1455 3230 depingit

338 3270 510 3334 Temenum
552 3274 725 3355 aspectum,
768 3289 842 3334 oum
876 3258 933 3355 per
968 3271 1165 3336 obsidionem
1201 3272 1333 3356 sagittae
1367 3275 1455 3334 trans

339 3415 448 3460 muros
482 3388 591 3459 volant
622 3395 682 3476 (Tr.
712 3395 753 3479 V,
781 3396 831 3478 10,
855 3397 895 3458 21
921 3397 982 3481 sq.)
1006 3402 1038 3462 et
1062 3401 1144 3463 tecta
1166 3398 1199 3460 in
1225 3396 1354 3460 modum
1380 3396 1456 3459 valli

340 3523 481 3607 cingunt.
509 3521 546 3584 cf.
570 3523 689 3606 sparsis
711 3522 811 3586 hastis
834 3522 938 3608 longis
962 3543 1094 3608 campus
1117 3523 1263 3608 splendet
1286 3527 1318 3587 et
1340 3522 1455 3586 horret.

384 3650 468 3734 Apte
489 3635 589 3734 igitur
612 3647 786 3714 Merkelins
810 3649 950 3714 confert:

338 3851 414 3916 Her.
435 3851 492 3934 IV,
517 3851 580 3914 150
606 3870 686 3915 avus
709 3851 806 3915 radiis
827 3841 964 3916 frontem
988 3852 1122 3916 vallatus
1146 3852 1249 3916 acutis

340 3979 377 4042 cl.
390 3978 480 4042 ibid.
506 3978 547 4041 73
604 3977 702 4042 radiis
725 3978 920 4041 circumdata
943 3976 1019 4042 solis
1041 3979 1156 4062 imago.

340 4103 422 4168 Fast.
445 4103 471 4185 Ι,
494 4104 557 4166 355
603 4102 700 4166 radiis
722 4101 907 4187 Hyperiona
930 4103 1079 4166 cinctum.

344 4293 489 4304 ...—

375 4421 400 4489 1)
419 4419 540 4488 Georgio.
556 4376 608 4488 ΙΙΙ,
625 4422 673 4488 383
691 4419 751 4471 ideo
768 4419 918 4488 conjectum
937 4419 1068 4472 vallatur.
