3356 5294
871 531 891 592 8

323 736 439 819 quardt
461 725 512 799 l.l.
536 758 567 821 p.
594 737 667 820 353,
691 739 719 801 6.
743 739 868 823 Agmen
891 715 1109 823 exemplorum
1129 739 1248 804 claudit
1268 737 1437 821 „vaticina-

322 866 372 925 tor
402 860 544 926 Dianae’'
574 883 670 947 quem
700 864 839 929 alienum
862 866 973 930 aleco
997 859 1109 931 nostro'
1129 871 1242 952 putant
1264 865 1437 930 Merkelius

322 991 353 1050 et
383 985 564 1076 Madvigius
594 1008 653 1053 nec
685 1009 837 1073 umquam
868 991 1013 1056 extitisse
1043 992 1254 1076 suspicantur.
1284 989 1436 1055 Describe

322 1108 487 1194 distichon,
512 1113 597 1196 qnod
621 1113 673 1177 hic
698 1115 832 1178 mutavit
854 1115 907 1178 ille
930 1114 1109 1180 damnavit:

409 1316 438 1360 v.
462 1299 501 1359 dl
529 1299 649 1364 scimus
672 1299 711 1363 ab
734 1301 867 1385 imperio
890 1300 959 1366 fieri
982 1302 1030 1364 nil
1052 1301 1113 1366 tale
1135 1300 1272 1366 Dianae:

528 1425 614 1490 unde
637 1431 741 1491 tamur
768 1427 862 1509 vivat,
888 1407 1074 1492 vaticinator
1096 1407 1200 1494 habet.

372 1622 472 1708 „Mire
503 1622 606 1687 Diana
635 1625 680 1687 ita
706 1624 890 1689 inducitnr”
921 1627 965 1690 ait
994 1624 1176 1710 Madvigius
1199 1625 1280 1690 Adv.
1305 1628 1371 1691 crit.
1395 1627 1437 1711 H,

323 1754 395 1836 101,
423 1756 478 1834 ,ut
500 1750 578 1814 nihil
601 1754 747 1834 ponatur,
770 1750 856 1835 quod
879 1753 948 1815 eins
972 1750 1033 1815 sub
1056 1753 1185 1817 nomine
1203 1752 1258 1816 fiat
1277 1757 1309 1818 et
1331 1756 1436 1818 tamen

220 1869 223 1878 ’
324 1879 424 1963 „illud
448 1878 487 1942 de
510 1878 716 1940 vaticinatura
739 1876 904 1941 addatur.’'
928 1876 987 1940 Oui
1010 1880 1056 1942 sio
1075 1878 1258 1962 respondeo.
1279 1877 1364 1955 Quid
1381 1877 1437 1945 fiat

321 2004 425 2068 Diana
458 2022 521 2066 non
554 2001 686 2084 jubente
722 2000 893 2085 petendum
928 2008 976 2066 est
1011 2021 1028 2067 e
1060 2007 1258 2085 pentametro
1282 2005 1434 2087 subJeoto.

321 2129 455 2195 Oonfero
480 2130 563 2194 enim
587 2125 677 2191 Trist.
702 2126 740 2209 V,
765 2127 814 2209 12,
838 2127 879 2189 67

432 2317 477 2380 sic
501 2315 631 2396 utinam,
655 2331 737 2396 qnae
759 2312 804 2376 nil
826 2316 1019 2378 metuentem
1045 2313 1107 2378 tale
1130 2315 1318 2398 magistrum
1432 2313 1440 2332 '

430 2440 576 2526 perdidit,
597 2441 632 2502 in
654 2441 776 2503 cineres
799 2439 862 2503 Ars
885 2458 955 2504 mea
977 2457 1069 2503 versa
1090 2437 1177 2504 foret

321 2627 377 2692 ubi
408 2627 538 2692 eandem
570 2626 731 2711 prolepsin
761 2625 978 2709 deprehendis,
1009 2613 1046 2688 cf.
1077 2625 1125 2688 Tr.
1153 2625 1212 2707 IH,
1237 2627 1265 2709 9,
1289 2627 1340 2692 25.
1364 2625 1437 2691 Dis·

320 2754 422 2818 sentio
448 2753 547 2837 igitur
577 2771 595 2814 a
618 2750 761 2833 Dintero,
784 2751 839 2833 qui
861 2749 909 2813 ao
931 2749 992 2814 tale
1015 2749 1055 2813 ad
1079 2771 1106 2813 v.
1132 2750 1172 2813 40
1198 2756 1339 2835 spectare
1362 2770 1436 2815 con-

320 2878 422 2943 tendit
445 2877 575 2961 (domm.
598 2877 623 2959 Ι,
647 2878 699 2958 14)
723 2895 829 2959 neque
852 2876 953 2940 eidem
974 2875 1111 2941 concedo
1131 2877 1319 2961 particulam
1332 2882 1437 2941 tumea

319 3003 447 3067 insolito
473 3004 542 3067 loco
566 3021 636 3068 esse
659 3002 851 3065 collocatam.
876 3000 914 3064 cf.
937 2999 1028 3085 Prop.
1052 3000 1094 3083 H,
1113 3003 1143 3084 4,
1164 3002 1204 3063 20
1226 3000 1435 3084 slrMueller).

320 3129 430 3194 cetera
452 3128 549 3192 verba
572 3148 667 3212 quam
683 3121 761 3212 ‘apte
782 3127 834 3190 hie
857 3128 922 3191 sint
940 3128 1043 3210 posita
1062 3126 1175 3210 elucet,
1193 3128 1220 3192 si
1239 3128 1433 3211 inquirimus

319 3254 478 3338 numquid
503 3254 541 3317 de
565 3255 724 3317 vaticiniis
747 3251 869 3316 Dianae
888 3257 1019 3317 constet
1040 3251 1102 3328 oui
1121 3252 1256 3319 Dianam
1269 3255 1432 3318 Aricinam
1454 3307 1459 3316 .

320 3383 427 3463 citant,
449 3380 516 3444 solo
539 3379 606 3443 cod.
628 3378 798 3442 Twisdenii
816 3379 998 3442 testimonio
1018 3379 1176 3462 nituntur,
1193 3382 1287 3445 ouius
1304 3383 1339 3444 in
1351 3401 1433 3445 mar-

318 3509 393 3592 gine
416 3506 497 3569 hano
519 3504 657 3589 glossam
680 3505 757 3588 legit
779 3502 950 3569 Heinsius:
978 3506 1030 3587 „in
1050 3505 1181 3570 Aricino
1202 3508 1433 3589 nemorejuxta

317 3631 451 3697 Romam
490 3629 602 3695 habuit
635 3628 738 3693 Diana
772 3630 942 3715 templum,
977 3629 1022 3694 ibi
1056 3635 1146 3695 erant
1178 3632 1432 3699 vaticinatores.'’

317 3758 485 3843 Nusquam
520 3757 596 3820 alibi
630 3756 743 3820 harum
778 3758 912 3820 sortium
947 3757 1065 3821 mentio
1088 3754 1131 3820 fit
1154 3757 1290 3821 Transiit
1314 3756 1432 3841 Cicero,

319 3905 418 3970 quum
443 3888 543 3948 sortes
565 3902 630 3946 non
654 3882 791 3967 amplius
813 3884 846 3946 in
868 3883 988 3947 honore
1011 3901 1080 3947 esse
1105 3882 1222 3948 diceret
1245 3884 1296 3964 (de
1315 3883 1376 3948 div.
1389 3883 1431 3967 Π,

318 4012 372 4092 41)
395 4000 499 4093 neque
520 4007 705 4093 Propertius
730 4005 896 4088 cynthiam
920 4008 1036 4072 totiens
1060 4007 1174 4092 oppida
1193 4007 1266 4072 urbi
1286 4010 1431 4093 proxima

316 4137 568 4220 frequentantem
593 4155 694 4219 quum
714 4136 916 4218 vituperaret,
936 4135 1083 4218 quamvis
1096 4133 1430 4200 sortesPraenestinas

318 4266 584 4342 commemoraret,
626 4261 750 4325 easdem
787 4262 919 4324 amicam
954 4261 1080 4324 Ariciae
1114 4260 1315 4330 consuluisse
1349 4261 1429 4325 dixit

317 4387 376 4471 IH,
397 4387 447 4452 30.
467 4386 647 4452 Offerebant
670 4387 820 4451 muheres
843 4385 990 4450 votorum
1014 4391 1173 4471 compotes
1195 4386 1289 4470 facee,
1308 4387 1380 4453 licia
1399 4392 1430 4453 et
