3356 5294
860 577 903 639 48

204 797 207 806 ·
316 787 397 848 tium
420 785 453 847 in
478 783 574 850 verbo
592 783 747 868 petendus
771 784 896 848 nullum
921 784 1130 868 deprehendo.
1154 786 1191 850 of.
1211 786 1289 853 Hor.
1310 786 1368 854 Od.
1389 788 1434 872 11,

319 911 366 992 18,
393 912 442 976 ll.
469 910 559 995 Prop.
582 909 625 992 ΙΙ,
652 912 681 993 9,
706 912 756 972 23.
782 909 845 976 Cio.
871 911 911 974 ad
934 911 1009 976 fam.
1032 911 1124 995 XIV,
1150 917 1178 995 1,
1202 915 1230 995 2,
1254 933 1353 996 quare
1374 917 1432 978 rei·

315 1037 426 1101 cienda
449 1037 602 1122 Madvigii
626 1033 809 1120 conjectura
830 1037 992 1103 uerendus.
1430 1035 1435 1046 '

314 1369 349 1434 P.
373 1371 413 1454 Π,
437 1374 466 1455 4,
492 1373 509 1434 7
533 1380 606 1438 6616
630 1373 739 1438 oeulos
760 1381 885 1438 nostros
905 1375 1008 1468 posita
1028 1380 1076 1440 est
1095 1380 1151 1439 tua
1170 1394 1294 1460 semper
1312 1378 1430 1461 imago,

535 1505 566 1564 et
589 1500 699 1565 videor
722 1501 832 1566 vultus
856 1507 962 1567 mente
986 1503 1093 1568 videre
1114 1508 1197 1568 tuos.
1241 1575 1243 1580 ,

357 1697 437 1763 Jure
460 1697 633 1784 Guethling
655 1700 823 1764 lectionem
844 1701 990 1765 oodioum
1001 1693 1428 1786 Monacensiumrevocavit,
1473 1683 1482 1702 ⁸

314 1823 354 1887 ad
388 1843 484 1907 quam
506 1842 605 1908 prope
628 1825 748 1888 aceedit
771 1825 839 1891 ood.
863 1825 980 1892 Hamb,
1005 1831 1141 1907 (tuaest
1166 1831 1240 1910 tua),
1264 1848 1337 1891 nam
1362 1847 1428 1892 sae-

312 1949 386 2033 pius
419 1949 607 2014 exciderunt
640 1949 781 2031 syllabae
814 1953 849 2014 in
883 1950 949 2015 eod.
984 1953 1022 2015 A.
1056 1951 1211 2036 (Merkel,
1240 1954 1337 2039 praef.
1361 1954 1428 2036 Vll.

310 2074 424 2141 Inveni
454 2078 568 2161 (agitos
597 2076 639 2160 H,
672 2079 700 2159 1,
730 2078 780 2160 13,
804 2079 889 2159 (ni)si
912 2078 954 2162 Π,
979 2080 1008 2161 3,
1032 2080 1083 2161 23,
1106 2080 1252 2162 (rumiens
1275 2079 1300 2161 Ι,
1323 2080 1352 2162 6,
1378 2082 1427 2144 13.

262 2271 266 2278 ,
309 2199 389 2265 Inde
415 2203 596 2267 emendavit
620 2202 740 2266 Merkel
763 2201 806 2285 ΙΙ,
831 2204 860 2286 9,
883 2205 924 2266 37
946 2203 1310 2288 6ν6Ῑ6966666161166.
1334 2204 1427 2290 Legi·

310 2331 363 2390 tur
385 2333 489 2406 autem
514 2331 547 2391 in
572 2327 641 2393 eod.
666 2329 704 2390 A.
722 2326 881 2411 proselytis
903 2330 992 2393 iutro
1015 2336 1079 2393 tuo.

309 2664 344 2728 P.
366 2662 408 2744 Π,
432 2665 461 2745 5,
485 2663 503 2725 3
528 2680 610 2748 quae
634 2667 701 2725 rata
722 2663 762 2726 sit
785 2663 879 2746 cupio
899 2662 1060 2746 rebusque
1080 2667 1116 2726 ut
1128 2662 1308 2746 comprobet
1320 2681 1430 2745 omen,
1452 2711 1459 2726 .

530 2794 561 2852 te
583 2807 694 2872 precor
718 2809 737 2852 6
759 2788 847 2852 salvo
871 2789 980 2872 possit,
1004 2790 1112 2872 amieo,
1135 2788 1206 2872 legi.

353 2987 509 3071 Corrupto
542 2987 620 3052 haee
656 3006 726 3051 esse
759 2975 955 3051 censuerunt
989 2986 1082 3050 multi
1113 2987 1174 3049 viri
1198 2986 1296 3068 dooti;
1320 2990 1424 3069 potest

308 3120 414 3179 tamen
449 3115 568 3178 servari
593 3112 722 3197 vulgata
745 3112 815 3176 6611.
839 3113 947 3176 Amor.
970 3110 998 3193 I,
1024 3112 1073 3194 12,
1097 3112 1138 3174 27
1167 3129 1260 3196 „ergo
1284 3130 1341 3196 ego
1365 3131 1423 3177 vos

307 3240 403 3306 rebus
426 3238 607 3323 duplioeslj
630 3259 689 3322 pro
712 3240 841 3302 nomine
862 3236 968 3302 sensi''
988 3242 1019 3301 et
1030 3256 1125 3302 versu
1137 3235 1235 3301 dubio
1247 3235 1322 3302 Met.
1334 3235 1426 3321 XIV,

308 3367 382 3430 385.
407 3365 514 3430 Verba
536 3364 631 3430 rebus
655 3368 860 3448 opponuntur
883 3363 917 3454 Ρ,
943 3363 1000 3440 IV,
1026 3365 1056 3446 3,
1079 3364 1132 3428 25.

307 3696 341 3760 P.
363 3696 405 3780 ΙΙ,
428 3699 457 3775 5,
483 3698 517 3759 11
546 3699 725 3781 optastique
748 3696 876 3778 brevem
903 3696 983 3760 salvi
1009 3695 1087 3759 mihi
1110 3694 1253 3760 Caesaris
1275 3697 1353 3759 iram

518 3813 523 3823 '
549 3823 635 3907 quod
658 3829 764 3887 temen
788 3825 898 3906 optari,
923 3824 950 3886 si
974 3823 1062 3899 sciat,
1084 3823 1153 3906 ipse
1176 3824 1269 3887 sinat.

352 4008 503 4074 Owenius
533 4013 566 4074 in
599 4010 646 4074 ed.
670 4013 738 4076 orit.
761 4010 852 4074 Trist.
868 4010 1027 4102 'tprolegg.
1052 4012 1114 4090 eiii)
1138 4011 1287 4092 uonjeeit:
1312 4011 1421 4076 statui.

307 4135 367 4201 Sed
390 4137 508 4201 frustra
532 4139 620 4202 locus
643 4143 791 4219 tentatur,
815 4138 951 4221 legimus
976 4139 1061 4202 enim

342 4454 367 4538 1)
379 4454 486 4559 duplex
502 4455 594 4510 Venus
610 4456 715 4521 (Oetull
732 4459 773 4524 68,
790 4455 840 4520 51.)

1543 2171 1548 2180 ,
1638 2015 1642 2144 1

1534 2476 1537 2485 .
1639 2277 1643 2502 l
