3356 5294
768 516 808 578 11

273 727 388 813 Sagam
418 749 568 814 rapacem
601 734 829 794 commemorat
849 727 963 792 moult.
986 728 1011 811 Ι,
1035 728 1063 811 5,
1088 730 1137 792 59.
1161 727 1218 792 Ov.
1241 729 1350 792 Amor.

228 854 253 936 Ι,
290 855 318 938 8,
354 857 412 935 a&
449 856 643 939 stipendium
681 854 833 920 Canidiae
864 858 975 919 notum
1007 851 1084 918 Hor.
1104 853 1203 938 Epcd.
1226 855 1276 937 17,
1299 856 1349 918 36.

140 1013 148 1032 ·
228 977 323 1043 Nunc
368 981 516 1046 videmus
558 1001 659 1065 quare
695 979 831 1046 Ovidius
864 978 999 1044 Dianam
1034 981 1213 1044 accuratius
1247 980 1351 1066 desig-

229 1124 304 1169 nare
328 1107 478 1170 omiserit.
502 1105 622 1171 Roma'e
646 1126 740 1178 nemo
765 1107 938 1190 legentium
962 1104 1107 1170 dubitare
1124 1111 1254 1190 poterat.
1266 1105 1353 1169 Talia

228 1235 334 1294 antem
359 1250 423 1294 non
447 1229 570 1295 Dianae
590 1233 685 1314 jussu
710 1230 780 1296 fieri
804 1231 883 1294 mihi
906 1229 1042 1294 dabitur.
1067 1228 1199 1315 Oppono
1213 1230 1351 1314 denique

227 1353 379 1419 Merkelio
414 1357 519 1440 (praef.
556 1356 661 1439 XXI),
696 1358 748 1420 cui
782 1357 969 1419 vaticinator
999 1354 1190 1419 vocabulum
1223 1355 1350 1421 duobus

228 1481 364 1545 saeculis
385 1479 498 1545 Ovidio
519 1482 680 1546 recentius
701 1499 770 1576 esse
792 1480 926 1562 videtur,
946 1478 1085 1563 faticano
1103 1477 1186 1560 (Met.
1203 1478 1349 1562 Iners)

227 1604 377 1689 satiricus
407 1605 491 1687 (Met.
525 1605 599 1688 XV,
630 1588 706 1687 436)
729 1611 762 1671 et
784 1605 853 1687 alia,
878 1623 960 1687 quae
982 1608 1073 1688 poeta
1096 1608 1205 1680 noster
1226 1595 1350 1687 primus

158 1743 163 1756 '
226 1734 380 1818 procudit.
405 1732 494 1809 Quae
517 1753 592 1798 cum
615 1734 660 1796 ita
684 1733 750 1796 sint
771 1731 925 1814 Madvigii
949 1731 1162 1813 conjecturam
1179 1721 1315 1794 'deorum
1327 1731 1349 1810 1)

227 1879 292 1923 non
322 1860 494 1944 amplector
523 1878 628 1942 neque
660 1877 734 1922 cum
765 1857 917 1922 Merkelio
950 1857 1156 1934 vuar-44
1179 1854 1349 1939 proscribo,

227 2004 303 2049 nam
327 1985 366 2051 de
390 1986 616 2069 superstitione
640 1986 691 2068 agi
715 1983 793 2048 mihi
816 2003 1004 2068 persuasum
1029 1987 1084 2048 est.

229 2266 264 2330 P.
288 2267 313 2349 Ι,
338 2268 366 2350 1,
390 2268 431 2330 65
456 2287 542 2332 mors
565 2267 659 2332 faciet
682 2272 773 2351 certe,
796 2287 838 2332 ne
862 2269 939 2366 simp
955 2287 1029 2332 cum
1054 2270 1188 2350 venerit,
1211 2269 1304 2332 exul:

448 2412 489 2458 ne
512 2413 576 2457 non
600 2395 767 2478 peccarim,
792 2413 878 2458 mors
902 2413 1033 2477 quoque
1054 2413 1119 2457 non
1143 2394 1245 2459 faciet.
1284 2415 1290 2426 ·

220 2617 223 2622 y
272 2542 343 2608 Hoc
380 2544 536 2644 distichon
570 2545 677 2628 vulgo
697 2544 867 2608 damnatur
889 2550 926 2609 ut
950 2544 1117 2608 molestum
1142 2549 1172 2608 et
1195 2545 1349 2628 ineptum.

228 2668 347 2733 Dubito
371 2675 488 2751 autem,
511 2689 588 2734 num
613 2689 688 2735 vere
711 2669 819 2734 turbet
843 2671 1073 2734 sententiarum
1096 2655 1254 2733 ordinem
1262 2668 1350 2745 Quae

156 2776 162 2785 ¹
221 2799 276 2860 'est
309 2795 423 2860 Kornii
455 2798 563 2881 opinio
601 2796 717 2879 „nam”
752 2799 797 2861 ait
832 2795 954 2881 Stroph.
986 2817 1015 2881 p.
1048 2796 1111 2858 216
1146 2795 1222 2878 „ubi
1252 2797 1350 2861 semel

228 2924 340 2986 mortis
370 2924 489 2987 mentio
513 2922 596 2988 facta
619 2928 676 3006 est,
699 2923 854 2987 malorum
881 2923 999 3006 quibus
1023 2923 1106 2986 vitae
1129 2923 1213 2986 vires
1238 2922 1350 2986 debili-

228 3052 336 3112 tentur
369 3051 601 3114 enarrationem
636 3050 744 3114 locum
776 3049 894 3112 habere
924 3067 990 3111 non
1015 3066 1108 3131 posse
1131 3046 1349 3111 crediderim.'’

230 3171 364 3238 Diversa
396 3175 625 3259 interpretandi
659 3177 782 3252 ratione
815 3176 894 3239 inita
929 3174 1010 3237 nihil
1039 3155 1233 3237 incommodi
1257 3173 1350 3238 habet

227 3299 326 3362 locus.
362 3298 466 3363 Voces
500 3319 583 3383 quae
614 3305 690 3364 sunt
715 3299 866 3384 perennis
894 3302 935 3381 (v,
960 3299 1026 3382 64),
1048 3304 1210 3378 perpetuos
1232 3301 1272 3379 (v.
1297 3299 1349 3380 73)

226 3427 289 3507 pice
310 3423 398 3490 nullo
421 3425 463 3506 (v.
489 3427 550 3508 74),
571 3428 691 3510 opinor,
711 3445 860 3511 peperere
872 3426 1006 3490 disticha
1019 3426 1164 3508 proxime
1175 3426 1349 3507 sequentia,¹

230 3572 312 3637 quae
346 3556 382 3616 ut
412 3553 546 3616 orationi
575 3551 669 3616 fidem
702 3551 823 3615 adierat
837 3551 861 3629 ς)
884 3555 1050 3634 peccatum
1074 3570 1169 3614 suum
1193 3549 1348 3615 confitens

229 3678 317 3750 addit
338 3683 438 3762 poeta,
462 3697 536 3742 nam

224 3839 259 3890 v.
285 3830 324 3890 57
371 3847 465 3912 saepe
487 3829 595 3893 levant
617 3847 736 3912 poenas
761 3832 932 3912 ereptaque
954 3828 1079 3893 lumina
1102 3828 1249 3910 reddunt,

373 3971 447 4016 cum
470 3952 551 4018 benc
573 3954 695 4037 peccati
718 3954 914 4037 paenituisse
937 3953 1046 4018 vident
1058 3952 1095 4038 ³).

235 4105 379 4116 -——

265 4207 290 4274 1)
308 4171 435 4260 urrann
452 4210 588 4264 concaua
604 4226 659 4262 non
675 4210 807 4263 avenn:
823 4210 928 4264 Idaeae.

263 4298 292 4363 8)
310 4298 364 4352 Cic.
382 4299 414 4352 de
432 4301 543 4355 Oratore
560 4301 611 4370 111,
628 4304 668 4354 53.
832 4349 837 4364 ,

264 4390 292 4455 3)
308 4387 352 4440 Tr.
371 4389 419 4458 tv,
436 4394 460 4459 9,
475 4393 491 4444 3
509 4409 565 4462 sqq.
583 4393 661 4461 Prop.
678 4392 729 4454 111,
745 4395 786 4461 28,
804 4396 833 4445 11
852 4409 890 4463 sq.
