<?xml version="1.0" encoding="UTF-8"?>
<!DOCTYPE html PUBLIC "-//W3C//DTD XHTML 1.0 Transitional//EN"
    "http://www.w3.org/TR/xhtml1/DTD/xhtml1-transitional.dtd">
<html xmlns="http://www.w3.org/1999/xhtml" xml:lang="en" lang="en">
 <head>
  <title>
</title>
<meta http-equiv="Content-Type" content="text/html;charset=utf-8" />
  <meta name='ocr-system' content='tesseract 3.04.00' />
  <meta name='ocr-capabilities' content='ocr_page ocr_carea ocr_par ocr_line ocrx_word'/>
</head>
<body>
  <div class='ocr_page' id='page_1' title='image "./observationesin00schrgoog/observationesin00schrgoog_0019.png"; bbox 0 0 3356 5294; ppageno 0'>
   <div class='ocr_carea' id='block_1_1' title="bbox 870 522 1055 616">
    <p class='ocr_par' dir='ltr' id='par_1_1' title="bbox 870 522 1055 616">
     <span class='ocr_line' id='line_1_1' title="bbox 870 522 1055 616; baseline -0.005 1"><span class='ocrx_word' id='word_1_1' title='bbox 870 522 1055 616; x_wconf 82' lang='lat'><strong>6·.</strong></span> 
     </span>
    </p>
   </div>
   <div class='ocr_carea' id='block_1_2' title="bbox 311 715 1315 945">
    <p class='ocr_par' dir='ltr' id='par_1_2' title="bbox 311 715 1315 945">
     <span class='ocr_line' id='line_1_2' title="bbox 311 715 1315 818; baseline -0.006 -18"><span class='ocrx_word' id='word_1_2' title='bbox 311 770 313 786; x_wconf 56' lang='grc' dir='ltr'>ι</span> <span class='ocrx_word' id='word_1_3' title='bbox 433 754 492 800; x_wconf 86' lang='lat' dir='ltr'><strong>our</strong></span> <span class='ocrx_word' id='word_1_4' title='bbox 514 715 659 818; x_wconf 79' lang='lat' dir='ltr'><strong>scribam,</strong></span> <span class='ocrx_word' id='word_1_5' title='bbox 683 734 786 798; x_wconf 85' lang='lat' dir='ltr'><strong>dooui.</strong></span> <span class='ocrx_word' id='word_1_6' title='bbox 811 753 869 798; x_wconf 90' lang='lat' dir='ltr'><strong>our</strong></span> <span class='ocrx_word' id='word_1_7' title='bbox 891 734 1024 816; x_wconf 87' lang='lat' dir='ltr'><strong>mittam,</strong></span> <span class='ocrx_word' id='word_1_8' title='bbox 1048 732 1208 816; x_wconf 74' lang='lat' dir='ltr'>quaeritis,</span> <span class='ocrx_word' id='word_1_9' title='bbox 1229 731 1315 796; x_wconf 83' lang='lat' dir='ltr'><strong>isto?</strong></span> 
     </span>
     <span class='ocr_line' id='line_1_3' title="bbox 433 858 1106 945; baseline -0.006 -21"><span class='ocrx_word' id='word_1_10' title='bbox 433 860 601 926; x_wconf 88' lang='lat' dir='ltr'><strong>vobisoum</strong></span> <span class='ocrx_word' id='word_1_11' title='bbox 624 862 718 945; x_wconf 90' lang='lat' dir='ltr'><strong>oupio</strong></span> <span class='ocrx_word' id='word_1_12' title='bbox 741 859 886 945; x_wconf 88' lang='lat' dir='ltr'><strong>quolibet</strong></span> <span class='ocrx_word' id='word_1_13' title='bbox 908 877 977 924; x_wconf 90' lang='lat' dir='ltr'><strong>esse</strong></span> <span class='ocrx_word' id='word_1_14' title='bbox 1002 858 1106 922; x_wconf 95' lang='lat' dir='ltr'><strong>modo.</strong></span> 
     </span>
    </p>
   </div>
   <div class='ocr_carea' id='block_1_3' title="bbox 242 1141 1441 2111">
    <p class='ocr_par' dir='ltr' id='par_1_3' title="bbox 242 1141 1441 2111">
     <span class='ocr_line' id='line_1_4' title="bbox 323 1141 1437 1228; baseline -0.004 -19"><span class='ocrx_word' id='word_1_15' title='bbox 323 1145 480 1225; x_wconf 87' lang='lat' dir='ltr'><strong>eiusmodi</strong></span> <span class='ocrx_word' id='word_1_16' title='bbox 504 1145 582 1228; x_wconf 93' lang='lat' dir='ltr'><strong>quid</strong></span> <span class='ocrx_word' id='word_1_17' title='bbox 604 1143 701 1208; x_wconf 87' lang='lat' dir='ltr'><strong>verba</strong></span> <span class='ocrx_word' id='word_1_18' title='bbox 722 1144 824 1224; x_wconf 60' lang='lat' dir='ltr'><strong>oreiam</strong></span> <span class='ocrx_word' id='word_1_19' title='bbox 845 1164 875 1228; x_wconf 81' lang='lat' dir='ltr'><strong>q.</strong></span> <span class='ocrx_word' id='word_1_20' title='bbox 888 1164 913 1209; x_wconf 86' lang='lat' dir='ltr'><strong>a.</strong></span> <span class='ocrx_word' id='word_1_21' title='bbox 938 1162 1002 1206; x_wconf 91' lang='lat' dir='ltr'><strong>non</strong></span> <span class='ocrx_word' id='word_1_22' title='bbox 1025 1141 1185 1222; x_wconf 82' lang='lat' dir='ltr'><strong>referunt3</strong></span> <span class='ocrx_word' id='word_1_23' title='bbox 1210 1144 1258 1204; x_wconf 86' lang='lat' dir='ltr'><strong>est</strong></span> <span class='ocrx_word' id='word_1_24' title='bbox 1281 1141 1437 1204; x_wconf 85' lang='lat' dir='ltr'><strong>sententia</strong></span> 
     </span>
     <span class='ocr_line' id='line_1_5' title="bbox 323 1265 1436 1355; baseline -0.006 -20"><span class='ocrx_word' id='word_1_25' title='bbox 323 1291 405 1355; x_wconf 91' lang='lat' dir='ltr'><strong>quae</strong></span> <span class='ocrx_word' id='word_1_26' title='bbox 435 1273 618 1354; x_wconf 88' lang='lat' dir='ltr'><strong>praesertim</strong></span> <span class='ocrx_word' id='word_1_27' title='bbox 645 1277 755 1355; x_wconf 88' lang='lat' dir='ltr'><strong>poetae</strong></span> <span class='ocrx_word' id='word_1_28' title='bbox 778 1271 877 1334; x_wconf 93' lang='lat' dir='ltr'><strong>menti</strong></span> <span class='ocrx_word' id='word_1_29' title='bbox 900 1267 1136 1334; x_wconf 83' lang='lat' dir='ltr'><strong>obversabatur.</strong></span> <span class='ocrx_word' id='word_1_30' title='bbox 1159 1265 1309 1330; x_wconf 85' lang='lat' dir='ltr'><strong>Reourrit</strong></span> <span class='ocrx_word' id='word_1_31' title='bbox 1332 1286 1382 1328; x_wconf 83' lang='lat' dir='ltr'><strong>vv.</strong></span> <span class='ocrx_word' id='word_1_32' title='bbox 1406 1267 1436 1328; x_wconf 87' lang='grc'><strong>4.</strong></span> 
     </span>
     <span class='ocr_line' id='line_1_6' title="bbox 242 1393 1437 1474; baseline -0.003 -14"><span class='ocrx_word' id='word_1_33' title='bbox 242 1446 259 1467; x_wconf 83' lang='grc'><strong>.,</strong></span> <span class='ocrx_word' id='word_1_34' title='bbox 323 1399 372 1462; x_wconf 82' lang='lat' dir='ltr'><strong>al.</strong></span> <span class='ocrx_word' id='word_1_35' title='bbox 409 1399 458 1461; x_wconf 76' lang='lat'><strong>29.</strong></span> <span class='ocrx_word' id='word_1_36' title='bbox 493 1399 544 1460; x_wconf 80' lang='lat'><strong>47.</strong></span> <span class='ocrx_word' id='word_1_37' title='bbox 584 1396 647 1474; x_wconf 80' lang='lat' dir='ltr'><strong>Qui</strong></span> <span class='ocrx_word' id='word_1_38' title='bbox 680 1397 835 1472; x_wconf 83' lang='lat' dir='ltr'><strong>formulae</strong></span> <span class='ocrx_word' id='word_1_39' title='bbox 870 1397 935 1459; x_wconf 89' lang='lat' dir='ltr'><strong>vim</strong></span> <span class='ocrx_word' id='word_1_40' title='bbox 970 1395 1107 1458; x_wconf 90' lang='lat' dir='ltr'><strong>retinere</strong></span> <span class='ocrx_word' id='word_1_41' title='bbox 1141 1393 1263 1474; x_wconf 87' lang='lat' dir='ltr'><strong>volunt,</strong></span> <span class='ocrx_word' id='word_1_42' title='bbox 1297 1397 1437 1457; x_wconf 89' lang='lat' dir='ltr'><strong>statuere</strong></span> 
     </span>
     <span class='ocr_line' id='line_1_7' title="bbox 323 1518 1438 1608; baseline -0.004 -21"><span class='ocrx_word' id='word_1_43' title='bbox 323 1523 438 1587; x_wconf 85' lang='lat' dir='ltr'><strong>debent</strong></span> <span class='ocrx_word' id='word_1_44' title='bbox 464 1528 588 1608; x_wconf 90' lang='lat' dir='ltr'><strong>poetam</strong></span> <span class='ocrx_word' id='word_1_45' title='bbox 610 1525 716 1608; x_wconf 90' lang='lat' dir='ltr'><strong>inepte</strong></span> <span class='ocrx_word' id='word_1_46' title='bbox 740 1523 933 1586; x_wconf 86' lang='lat' dir='ltr'><strong>mentionem</strong></span> <span class='ocrx_word' id='word_1_47' title='bbox 956 1521 1104 1603; x_wconf 87' lang='lat' dir='ltr'><strong>injecisse</strong></span> <span class='ocrx_word' id='word_1_48' title='bbox 1127 1537 1245 1602; x_wconf 87' lang='lat' dir='ltr'><strong>rerum,</strong></span> <span class='ocrx_word' id='word_1_49' title='bbox 1270 1537 1350 1601; x_wconf 90' lang='lat' dir='ltr'><strong>quas</strong></span> <span class='ocrx_word' id='word_1_50' title='bbox 1373 1518 1438 1582; x_wconf 91' lang='lat' dir='ltr'><strong>dis·</strong></span> 
     </span>
     <span class='ocr_line' id='line_1_8' title="bbox 323 1635 1436 1733; baseline -0.006 -19"><span class='ocrx_word' id='word_1_51' title='bbox 323 1643 473 1714; x_wconf 88' lang='lat' dir='ltr'><strong>simulare</strong></span> <span class='ocrx_word' id='word_1_52' title='bbox 503 1649 619 1713; x_wconf 84' lang='lat' dir='ltr'><strong>mallet.</strong></span> <span class='ocrx_word' id='word_1_53' title='bbox 651 1648 731 1712; x_wconf 89' lang='lat' dir='ltr'>Mihi</span> <span class='ocrx_word' id='word_1_54' title='bbox 758 1649 857 1733; x_wconf 83' lang='lat' dir='ltr'><strong>igitur</strong></span> <span class='ocrx_word' id='word_1_55' title='bbox 879 1635 1041 1732; x_wconf 84' lang='lat' dir='ltr'><strong>praestare</strong></span> <span class='ocrx_word' id='word_1_56' title='bbox 1064 1645 1191 1710; x_wconf 79' lang='lat' dir='ltr'><strong>videtur</strong></span> <span class='ocrx_word' id='word_1_57' title='bbox 1213 1644 1312 1708; x_wconf 90' lang='lat' dir='ltr'><strong>altera</strong></span> <span class='ocrx_word' id='word_1_58' title='bbox 1335 1644 1436 1728; x_wconf 88' lang='lat' dir='ltr'><strong>expli-</strong></span> 
     </span>
     <span class='ocr_line' id='line_1_9' title="bbox 323 1767 1437 1860; baseline -0.005 -19"><span class='ocrx_word' id='word_1_59' title='bbox 323 1777 412 1841; x_wconf 83' lang='lat' dir='ltr'><strong>catio.</strong></span> <span class='ocrx_word' id='word_1_60' title='bbox 438 1773 541 1858; x_wconf 81' lang='lat' dir='ltr'><strong>„Satis</strong></span> <span class='ocrx_word' id='word_1_61' title='bbox 564 1779 701 1860; x_wconf 88' lang='lat' dir='ltr'><strong>apparet,</strong></span> <span class='ocrx_word' id='word_1_62' title='bbox 719 1777 767 1839; x_wconf 85' lang='lat' dir='ltr'><strong>ait</strong></span> <span class='ocrx_word' id='word_1_63' title='bbox 789 1774 942 1838; x_wconf 87' lang='lat' dir='ltr'><strong>Dinterus</strong></span> <span class='ocrx_word' id='word_1_64' title='bbox 967 1771 1086 1837; x_wconf 86' lang='lat' dir='ltr'><strong>Comm.</strong></span> <span class='ocrx_word' id='word_1_65' title='bbox 1108 1772 1134 1856; x_wconf 87' lang='lat' dir='ltr'><strong>I,</strong></span> <span class='ocrx_word' id='word_1_66' title='bbox 1153 1794 1182 1857; x_wconf 90' lang='lat' dir='ltr'><strong>p.</strong></span> <span class='ocrx_word' id='word_1_67' title='bbox 1203 1773 1233 1855; x_wconf 89' lang='lat'><strong>8,</strong></span> <span class='ocrx_word' id='word_1_68' title='bbox 1253 1791 1295 1837; x_wconf 85' lang='lat' dir='ltr'><strong>ex</strong></span> <span class='ocrx_word' id='word_1_69' title='bbox 1313 1773 1354 1836; x_wconf 91' lang='lat' dir='ltr'><strong>iis</strong></span> <span class='ocrx_word' id='word_1_70' title='bbox 1365 1767 1437 1836; x_wconf 80' lang='lat' dir='ltr'><strong>ver&#39;-</strong></span> 
     </span>
     <span class='ocr_line' id='line_1_10' title="bbox 323 1897 1441 1985; baseline -0.004 -21"><span class='ocrx_word' id='word_1_71' title='bbox 323 1900 372 1966; x_wconf 92' lang='lat' dir='ltr'><strong>bis</strong></span> <span class='ocrx_word' id='word_1_72' title='bbox 396 1920 478 1985; x_wconf 91' lang='lat' dir='ltr'><strong>quae</strong></span> <span class='ocrx_word' id='word_1_73' title='bbox 500 1906 681 1985; x_wconf 85' lang='lat' dir='ltr'><strong>sequuntur</strong></span> <span class='ocrx_word' id='word_1_74' title='bbox 703 1903 766 1984; x_wconf 85' lang='lat' dir='ltr'><strong>(vv.</strong></span> <span class='ocrx_word' id='word_1_75' title='bbox 792 1901 932 1980; x_wconf 74' lang='lat' dir='ltr'><strong>ro-al)</strong></span> <span class='ocrx_word' id='word_1_76' title='bbox 956 1898 1034 1984; x_wconf 79' lang='lat' dir='ltr'><strong>quid</strong></span> <span class='ocrx_word' id='word_1_77' title='bbox 1054 1901 1100 1962; x_wconf 89' lang='lat' dir='ltr'><strong>ita</strong></span> <span class='ocrx_word' id='word_1_78' title='bbox 1119 1917 1189 1963; x_wconf 85' lang='lat' dir='ltr'><strong>esse</strong></span> <span class='ocrx_word' id='word_1_79' title='bbox 1208 1897 1441 1982; x_wconf 82' lang='lat' dir='ltr'><strong>accipiendum,</strong></span> 
     </span>
     <span class='ocr_line' id='line_1_11' title="bbox 323 2022 1437 2111; baseline -0.003 -22"><span class='ocrx_word' id='word_1_80' title='bbox 323 2030 361 2090; x_wconf 91' lang='lat' dir='ltr'><strong>ut</strong></span> <span class='ocrx_word' id='word_1_81' title='bbox 390 2027 431 2090; x_wconf 89' lang='lat' dir='ltr'><strong>sit</strong></span> <span class='ocrx_word' id='word_1_82' title='bbox 460 2026 493 2090; x_wconf 96' lang='lat' dir='ltr'><strong>id</strong></span> <span class='ocrx_word' id='word_1_83' title='bbox 525 2027 611 2111; x_wconf 92' lang='lat' dir='ltr'><strong>quod</strong></span> <span class='ocrx_word' id='word_1_84' title='bbox 641 2029 675 2090; x_wconf 91' lang='lat' dir='ltr'><strong>in</strong></span> <span class='ocrx_word' id='word_1_85' title='bbox 706 2025 930 2111; x_wconf 86' lang='lat' dir='ltr'><strong>interrogando</strong></span> <span class='ocrx_word' id='word_1_86' title='bbox 958 2024 1056 2088; x_wconf 91' lang='lat' dir='ltr'><strong>simul</strong></span> <span class='ocrx_word' id='word_1_87' title='bbox 1079 2023 1263 2088; x_wconf 83' lang='lat' dir='ltr'><strong>attribuitur</strong></span> <span class='ocrx_word' id='word_1_88' title='bbox 1286 2022 1437 2106; x_wconf 81' lang='lat' dir='ltr'><strong>subjecte,</strong></span> 
     </span>
    </p>
   </div>
   <div class='ocr_carea' id='block_1_4' title="bbox 324 2148 1205 2364">
    <p class='ocr_par' dir='ltr' id='par_1_4' title="bbox 324 2148 1205 2364">
     <span class='ocr_line' id='line_1_12' title="bbox 324 2148 1109 2236; baseline -0.005 -19"><span class='ocrx_word' id='word_1_89' title='bbox 324 2151 417 2236; x_wconf 85' lang='lat' dir='ltr'><strong>quale</strong></span> <span class='ocrx_word' id='word_1_90' title='bbox 440 2157 487 2217; x_wconf 86' lang='lat' dir='ltr'><strong>est</strong></span> <span class='ocrx_word' id='word_1_91' title='bbox 509 2151 535 2236; x_wconf 84' lang='lat' dir='ltr'><strong>J,</strong></span> <span class='ocrx_word' id='word_1_92' title='bbox 559 2155 587 2236; x_wconf 81' lang='lat'><strong>2,</strong></span> <span class='ocrx_word' id='word_1_93' title='bbox 611 2152 630 2215; x_wconf 89' lang='lat'><strong>6</strong></span> <span class='ocrx_word' id='word_1_94' title='bbox 658 2153 815 2236; x_wconf 85' lang='lat' dir='ltr'><strong>„quisque</strong></span> <span class='ocrx_word' id='word_1_95' title='bbox 836 2153 952 2235; x_wconf 88' lang='lat' dir='ltr'><strong>loquar</strong></span> <span class='ocrx_word' id='word_1_96' title='bbox 972 2148 1109 2214; x_wconf 88' lang='lat' dir='ltr'><strong>teoum”.</strong></span> 
     </span>
     <span class='ocr_line' id='line_1_13' title="bbox 366 2274 1205 2364; baseline -0.007 -21"><span class='ocrx_word' id='word_1_97' title='bbox 366 2278 418 2343; x_wconf 80' lang='lat' dir='ltr'><strong>Sio</strong></span> <span class='ocrx_word' id='word_1_98' title='bbox 440 2279 528 2363; x_wconf 88' lang='lat' dir='ltr'><strong>Iphis</strong></span> <span class='ocrx_word' id='word_1_99' title='bbox 551 2281 708 2364; x_wconf 88' lang='lat' dir='ltr'><strong>seipsam</strong></span> <span class='ocrx_word' id='word_1_100' title='bbox 732 2279 917 2342; x_wconf 83' lang='lat' dir='ltr'><strong>adhortatur</strong></span> <span class='ocrx_word' id='word_1_101' title='bbox 940 2275 1023 2359; x_wconf 83' lang='lat' dir='ltr'><strong>(Met.</strong></span> <span class='ocrx_word' id='word_1_102' title='bbox 1047 2274 1107 2359; x_wconf 86' lang='lat' dir='ltr'><strong>IX,</strong></span> <span class='ocrx_word' id='word_1_103' title='bbox 1131 2275 1205 2355; x_wconf 79' lang='lat'><strong>747)</strong></span> 
     </span>
    </p>
   </div>
   <div class='ocr_carea' id='block_1_5' title="bbox 346 2401 1541 2613">
    <p class='ocr_par' dir='ltr' id='par_1_5' title="bbox 346 2401 1541 2613">
     <span class='ocr_line' id='line_1_14' title="bbox 346 2401 957 2487; baseline -0.002 -19"><span class='ocrx_word' id='word_1_104' title='bbox 346 2451 348 2458; x_wconf 85' lang='lat'><strong>.</strong></span> <span class='ocrx_word' id='word_1_105' title='bbox 609 2404 687 2487; x_wconf 91' lang='lat' dir='ltr'><strong>quid</strong></span> <span class='ocrx_word' id='word_1_106' title='bbox 711 2405 755 2468; x_wconf 91' lang='lat' dir='ltr'><strong>sis</strong></span> <span class='ocrx_word' id='word_1_107' title='bbox 778 2407 861 2485; x_wconf 85' lang='lat' dir='ltr'><strong>nata,</strong></span> <span class='ocrx_word' id='word_1_108' title='bbox 884 2401 957 2467; x_wconf 88' lang='lat' dir='ltr'><strong>vide</strong></span> 
     </span>
     <span class='ocr_line' id='line_1_15' title="bbox 367 2504 1541 2613; baseline -0.001 -21"><span class='ocrx_word' id='word_1_109' title='bbox 367 2527 405 2592; x_wconf 89' lang='lat' dir='ltr'><strong>of.</strong></span> <span class='ocrx_word' id='word_1_110' title='bbox 428 2527 506 2592; x_wconf 91' lang='lat' dir='ltr'><strong>Hor.</strong></span> <span class='ocrx_word' id='word_1_111' title='bbox 528 2528 586 2613; x_wconf 81' lang='lat' dir='ltr'><strong>Ep.</strong></span> <span class='ocrx_word' id='word_1_112' title='bbox 609 2527 650 2604; x_wconf 86' lang='lat' dir='ltr'><strong>II,</strong></span> <span class='ocrx_word' id='word_1_113' title='bbox 675 2529 703 2611; x_wconf 76' lang='lat'><strong>2,</strong></span> <span class='ocrx_word' id='word_1_114' title='bbox 728 2529 769 2591; x_wconf 84' lang='lat'><strong>99</strong></span> <span class='ocrx_word' id='word_1_115' title='bbox 792 2504 929 2592; x_wconf 82' lang='lat' dir='ltr'><strong>Discedo</strong></span> <span class='ocrx_word' id='word_1_116' title='bbox 952 2526 1091 2591; x_wconf 83' lang='lat' dir='ltr'><strong>Alcaeus</strong></span> <span class='ocrx_word' id='word_1_117' title='bbox 1114 2529 1233 2609; x_wconf 89' lang='lat' dir='ltr'><strong>puuoto</strong></span> <span class='ocrx_word' id='word_1_118' title='bbox 1255 2525 1360 2607; x_wconf 78' lang='lat' dir='ltr'><strong>illius3</strong></span> <span class='ocrx_word' id='word_1_119' title='bbox 1385 2526 1439 2591; x_wconf 89' lang='lat' dir='ltr'><strong>ille</strong></span> <span class='ocrx_word' id='word_1_120' title='bbox 1537 2603 1541 2612; x_wconf 28' lang='lat'>¹</span> 
     </span>
    </p>
   </div>
   <div class='ocr_carea' id='block_1_6' title="bbox 248 2653 1438 3994">
    <p class='ocr_par' dir='ltr' id='par_1_6' title="bbox 323 2653 517 2736">
     <span class='ocr_line' id='line_1_16' title="bbox 323 2653 517 2736; baseline -0.005 -19"><span class='ocrx_word' id='word_1_121' title='bbox 323 2671 395 2717; x_wconf 92' lang='lat' dir='ltr'><strong>meo</strong></span> <span class='ocrx_word' id='word_1_122' title='bbox 420 2653 517 2736; x_wconf 80' lang='lat' dir='ltr'><strong>quis?</strong></span> 
     </span>
    </p>

    <p class='ocr_par' dir='ltr' id='par_1_7' title="bbox 248 2775 1438 3994">
     <span class='ocr_line' id='line_1_17' title="bbox 302 2775 1438 2870; baseline -0.002 -28"><span class='ocrx_word' id='word_1_123' title='bbox 302 2855 308 2870; x_wconf 36' lang='grc' dir='ltr'>Ι</span> <span class='ocrx_word' id='word_1_124' title='bbox 366 2777 434 2842; x_wconf 87' lang='lat' dir='ltr'><strong>Neo</strong></span> <span class='ocrx_word' id='word_1_125' title='bbox 459 2777 556 2844; x_wconf 87' lang='lat' dir='ltr'><strong>verba</strong></span> <span class='ocrx_word' id='word_1_126' title='bbox 579 2777 681 2862; x_wconf 51' lang='lat' dir='ltr'><strong>domae</strong></span> <span class='ocrx_word' id='word_1_127' title='bbox 703 2799 732 2863; x_wconf 79' lang='lat' dir='ltr'><strong>q.</strong></span> <span class='ocrx_word' id='word_1_128' title='bbox 746 2798 768 2841; x_wconf 85' lang='lat' dir='ltr'><strong>a.</strong></span> <span class='ocrx_word' id='word_1_129' title='bbox 792 2776 966 2841; x_wconf 75' lang='lat' dir='ltr'><strong>offendunt.</strong></span> <span class='ocrx_word' id='word_1_130' title='bbox 990 2775 1107 2840; x_wconf 87' lang='lat' dir='ltr'><strong>Valent</strong></span> <span class='ocrx_word' id='word_1_131' title='bbox 1130 2776 1233 2838; x_wconf 92' lang='lat' dir='ltr'><strong>enim:</strong></span> <span class='ocrx_word' id='word_1_132' title='bbox 1257 2777 1438 2860; x_wconf 86' lang='lat' dir='ltr'><strong>argumenti</strong></span> 
     </span>
     <span class='ocr_line' id='line_1_18' title="bbox 323 2899 1438 2988; baseline -0.004 -19"><span class='ocrx_word' id='word_1_133' title='bbox 323 2909 438 2969; x_wconf 87' lang='lat' dir='ltr'><strong>natura</strong></span> <span class='ocrx_word' id='word_1_134' title='bbox 459 2924 501 2970; x_wconf 90' lang='lat' dir='ltr'><strong>ne</strong></span> <span class='ocrx_word' id='word_1_135' title='bbox 524 2905 635 2987; x_wconf 86' lang='lat' dir='ltr'><strong>obstet,</strong></span> <span class='ocrx_word' id='word_1_136' title='bbox 659 2904 831 2988; x_wconf 90' lang='lat' dir='ltr'><strong>quominus</strong></span> <span class='ocrx_word' id='word_1_137' title='bbox 850 2901 975 2967; x_wconf 89' lang='lat' dir='ltr'><strong>libellos</strong></span> <span class='ocrx_word' id='word_1_138' title='bbox 994 2903 1131 2986; x_wconf 86' lang='lat' dir='ltr'><strong>aooipias</strong></span> <span class='ocrx_word' id='word_1_139' title='bbox 1152 2901 1190 2964; x_wconf 85' lang='lat' dir='ltr'><strong>of.</strong></span> <span class='ocrx_word' id='word_1_140' title='bbox 1202 2899 1277 2965; x_wconf 90' lang='lat' dir='ltr'><strong>Her.</strong></span> <span class='ocrx_word' id='word_1_141' title='bbox 1289 2901 1345 2986; x_wconf 85' lang='lat' dir='ltr'><strong>IV,</strong></span> <span class='ocrx_word' id='word_1_142' title='bbox 1360 2903 1378 2966; x_wconf 89' lang='lat'><strong>3</strong></span> <span class='ocrx_word' id='word_1_143' title='bbox 1392 2922 1438 2986; x_wconf 92' lang='lat' dir='ltr'><strong>sq.</strong></span> 
     </span>
     <span class='ocr_line' id='line_1_19' title="bbox 323 3029 1436 3116; baseline -0.003 -20"><span class='ocrx_word' id='word_1_144' title='bbox 323 3031 363 3116; x_wconf 85' lang='lat' dir='ltr'><strong>V,</strong></span> <span class='ocrx_word' id='word_1_145' title='bbox 396 3033 413 3095; x_wconf 93' lang='lat' dir='ltr'>l</span> <span class='ocrx_word' id='word_1_146' title='bbox 438 3052 484 3116; x_wconf 91' lang='lat' dir='ltr'><strong>sq.</strong></span> <span class='ocrx_word' id='word_1_147' title='bbox 514 3031 610 3096; x_wconf 84' lang='lat' dir='ltr'><strong>Redit</strong></span> <span class='ocrx_word' id='word_1_148' title='bbox 639 3035 731 3115; x_wconf 90' lang='lat' dir='ltr'><strong>poeta</strong></span> <span class='ocrx_word' id='word_1_149' title='bbox 762 3030 802 3093; x_wconf 89' lang='lat' dir='ltr'><strong>ad</strong></span> <span class='ocrx_word' id='word_1_150' title='bbox 823 3029 1021 3113; x_wconf 89' lang='lat' dir='ltr'><strong>propositum</strong></span> <span class='ocrx_word' id='word_1_151' title='bbox 1046 3033 1076 3092; x_wconf 89' lang='lat' dir='ltr'><strong>et</strong></span> <span class='ocrx_word' id='word_1_152' title='bbox 1100 3033 1171 3113; x_wconf 85' lang='lat' dir='ltr'><strong>apte</strong></span> <span class='ocrx_word' id='word_1_153' title='bbox 1190 3029 1299 3113; x_wconf 83' lang='lat' dir='ltr'><strong>jungit</strong></span> <span class='ocrx_word' id='word_1_154' title='bbox 1320 3049 1436 3093; x_wconf 89' lang='lat' dir='ltr'><strong>novam</strong></span> 
     </span>
     <span class='ocr_line' id='line_1_20' title="bbox 323 3155 1437 3240; baseline -0.002 -19"><span class='ocrx_word' id='word_1_155' title='bbox 323 3159 487 3240; x_wconf 85' lang='lat' dir='ltr'><strong>rationem,</strong></span> <span class='ocrx_word' id='word_1_156' title='bbox 518 3177 580 3240; x_wconf 91' lang='lat' dir='ltr'><strong>qua</strong></span> <span class='ocrx_word' id='word_1_157' title='bbox 608 3155 774 3220; x_wconf 84' lang='lat' dir='ltr'><strong>confirmet</strong></span> <span class='ocrx_word' id='word_1_158' title='bbox 796 3155 933 3218; x_wconf 86' lang='lat' dir='ltr'><strong>Brutum</strong></span> <span class='ocrx_word' id='word_1_159' title='bbox 959 3155 1166 3219; x_wconf 84' lang='lat' dir='ltr'><strong>haesitantem</strong></span> <span class='ocrx_word' id='word_1_160' title='bbox 1191 3159 1221 3219; x_wconf 92' lang='lat' dir='ltr'><strong>et</strong></span> <span class='ocrx_word' id='word_1_161' title='bbox 1243 3160 1437 3239; x_wconf 82' lang='lat' dir='ltr'><strong>gravantem.</strong></span> 
     </span>
     <span class='ocr_line' id='line_1_21' title="bbox 324 3281 1436 3347; baseline -0.002 0"><span class='ocrx_word' id='word_1_162' title='bbox 324 3282 454 3347; x_wconf 85' lang='lat' dir='ltr'><strong>Notavit</strong></span> <span class='ocrx_word' id='word_1_163' title='bbox 477 3283 590 3347; x_wconf 92' lang='lat' dir='ltr'><strong>deiude</strong></span> <span class='ocrx_word' id='word_1_164' title='bbox 612 3281 765 3346; x_wconf 88' lang='lat' dir='ltr'><strong>Dinterus</strong></span> <span class='ocrx_word' id='word_1_165' title='bbox 788 3281 964 3344; x_wconf 90' lang='lat' dir='ltr'><strong>ohiasmum</strong></span> <span class='ocrx_word' id='word_1_166' title='bbox 988 3282 1022 3344; x_wconf 93' lang='lat' dir='ltr'><strong>in</strong></span> <span class='ocrx_word' id='word_1_167' title='bbox 1046 3300 1096 3343; x_wconf 88' lang='lat' dir='ltr'><strong>vv.</strong></span> <span class='ocrx_word' id='word_1_168' title='bbox 1120 3281 1436 3346; x_wconf 78' lang='lat' dir='ltr'><strong>3-1eot15-20.</strong></span> 
     </span>
     <span class='ocr_line' id='line_1_22' title="bbox 324 3407 1437 3498; baseline -0.001 -25"><span class='ocrx_word' id='word_1_169' title='bbox 324 3409 418 3474; x_wconf 88' lang='lat' dir='ltr'><strong>Hane</strong></span> <span class='ocrx_word' id='word_1_170' title='bbox 448 3409 607 3494; x_wconf 86' lang='lat' dir='ltr'><strong>duplicem</strong></span> <span class='ocrx_word' id='word_1_171' title='bbox 638 3409 928 3491; x_wconf 83' lang='lat' dir='ltr'><strong>interpretationem</strong></span> <span class='ocrx_word' id='word_1_172' title='bbox 957 3408 1211 3498; x_wconf 81' lang='lat' dir='ltr'><strong>commemoravi,</strong></span> <span class='ocrx_word' id='word_1_173' title='bbox 1233 3411 1270 3470; x_wconf 89' lang='lat' dir='ltr'><strong>ut</strong></span> <span class='ocrx_word' id='word_1_174' title='bbox 1293 3407 1437 3472; x_wconf 82' lang='lat' dir='ltr'><strong>ostende</strong></span> 
     </span>
     <span class='ocr_line' id='line_1_23' title="bbox 324 3533 1437 3618; baseline -0.004 -17"><span class='ocrx_word' id='word_1_175' title='bbox 324 3555 392 3601; x_wconf 89' lang='lat' dir='ltr'><strong>rem</strong></span> <span class='ocrx_word' id='word_1_176' title='bbox 415 3555 479 3599; x_wconf 89' lang='lat' dir='ltr'><strong>nou</strong></span> <span class='ocrx_word' id='word_1_177' title='bbox 502 3555 583 3618; x_wconf 90' lang='lat' dir='ltr'><strong>opus</strong></span> <span class='ocrx_word' id='word_1_178' title='bbox 606 3553 675 3600; x_wconf 90' lang='lat' dir='ltr'><strong>esse</strong></span> <span class='ocrx_word' id='word_1_179' title='bbox 699 3534 878 3616; x_wconf 89' lang='lat' dir='ltr'><strong>oonjeotura</strong></span> <span class='ocrx_word' id='word_1_180' title='bbox 900 3533 989 3598; x_wconf 85' lang='lat' dir='ltr'><strong>velut</strong></span> <span class='ocrx_word' id='word_1_181' title='bbox 1007 3533 1063 3617; x_wconf 79' lang='lat' dir='ltr'><strong>qai</strong></span> <span class='ocrx_word' id='word_1_182' title='bbox 1079 3533 1216 3614; x_wconf 81' lang='lat' dir='ltr'><strong>ooaiout,</strong></span> <span class='ocrx_word' id='word_1_183' title='bbox 1236 3533 1321 3616; x_wconf 93' lang='lat' dir='ltr'><strong>quod</strong></span> <span class='ocrx_word' id='word_1_184' title='bbox 1340 3533 1437 3597; x_wconf 87' lang='lat' dir='ltr'><strong>altera</strong></span> 
     </span>
     <span class='ocr_line' id='line_1_24' title="bbox 248 3655 1436 3742; baseline -0.003 -17"><span class='ocrx_word' id='word_1_185' title='bbox 248 3669 250 3672; x_wconf 82' lang='grc'><strong>’</strong></span> <span class='ocrx_word' id='word_1_186' title='bbox 324 3680 439 3724; x_wconf 92' lang='lat' dir='ltr'><strong>manus</strong></span> <span class='ocrx_word' id='word_1_187' title='bbox 461 3661 494 3723; x_wconf 91' lang='lat' dir='ltr'><strong>in</strong></span> <span class='ocrx_word' id='word_1_188' title='bbox 519 3659 543 3736; x_wconf 69' lang='lat' dir='ltr'><strong>‚a</strong></span> <span class='ocrx_word' id='word_1_189' title='bbox 565 3658 693 3742; x_wconf 84' lang='lat' dir='ltr'><strong>addidit,</strong></span> <span class='ocrx_word' id='word_1_190' title='bbox 716 3677 821 3742; x_wconf 92' lang='lat' dir='ltr'><strong>neque</strong></span> <span class='ocrx_word' id='word_1_191' title='bbox 844 3658 1064 3724; x_wconf 86' lang='lat' dir='ltr'><strong>emendatione</strong></span> <span class='ocrx_word' id='word_1_192' title='bbox 1082 3656 1193 3742; x_wconf 79' lang='lat' dir='ltr'><strong>quidve</strong></span> <span class='ocrx_word' id='word_1_193' title='bbox 1212 3655 1436 3741; x_wconf 78' lang='lat' dir='ltr'><strong>serant,quam</strong></span> 
     </span>
     <span class='ocr_line' id='line_1_25' title="bbox 270 3757 1437 3870; baseline -0.003 -22"><span class='ocrx_word' id='word_1_194' title='bbox 270 3757 271 3760; x_wconf 8' lang='grc' dir='ltr'><strong>Ἴ</strong></span> <span class='ocrx_word' id='word_1_195' title='bbox 303 3785 490 3870; x_wconf 66' lang='lat' dir='ltr'><strong>proposuit</strong></span> <span class='ocrx_word' id='word_1_196' title='bbox 518 3783 656 3847; x_wconf 83' lang='lat' dir='ltr'><strong>Kraffert</strong></span> <span class='ocrx_word' id='word_1_197' title='bbox 667 3783 698 3864; x_wconf 91' lang='lat'><strong>1).</strong></span> <span class='ocrx_word' id='word_1_198' title='bbox 728 3781 834 3848; x_wconf 84' lang='lat' dir='ltr'><strong>Vertit</strong></span> <span class='ocrx_word' id='word_1_199' title='bbox 864 3800 992 3866; x_wconf 92' lang='lat' dir='ltr'><strong>quoque</strong></span> <span class='ocrx_word' id='word_1_200' title='bbox 1023 3782 1061 3844; x_wconf 86' lang='lat' dir='ltr'><strong>A.</strong></span> <span class='ocrx_word' id='word_1_201' title='bbox 1091 3781 1193 3866; x_wconf 84' lang='lat' dir='ltr'><strong>Berg:</strong></span> <span class='ocrx_word' id='word_1_202' title='bbox 1224 3801 1289 3846; x_wconf 85' lang='lat' dir='ltr'><strong>was</strong></span> <span class='ocrx_word' id='word_1_203' title='bbox 1319 3783 1366 3846; x_wconf 87' lang='lat' dir='ltr'><strong>sie</strong></span> <span class='ocrx_word' id='word_1_204' title='bbox 1389 3782 1437 3846; x_wconf 89' lang='lat' dir='ltr'><strong>dir</strong></span> 
     </span>
     <span class='ocr_line' id='line_1_26' title="bbox 326 3909 471 3994; baseline -0.007 -20"><span class='ocrx_word' id='word_1_205' title='bbox 326 3909 471 3994; x_wconf 84' lang='lat' dir='ltr'><strong>bringen.</strong></span> 
     </span>
    </p>
   </div>
   <div class='ocr_carea' id='block_1_7' title="bbox 327 4301 1437 4461">
    <p class='ocr_par' dir='ltr' id='par_1_8' title="bbox 327 4301 1437 4461">
     <span class='ocr_line' id='line_1_27' title="bbox 360 4301 1437 4362; baseline 0.003 -7"><span class='ocrx_word' id='word_1_206' title='bbox 360 4305 385 4362; x_wconf 84' lang='grc'><strong>1)</strong></span> <span class='ocrx_word' id='word_1_207' title='bbox 404 4301 480 4355; x_wconf 84' lang='lat' dir='ltr'><strong>Nihil</strong></span> <span class='ocrx_word' id='word_1_208' title='bbox 496 4301 653 4354; x_wconf 83' lang='lat' dir='ltr'><strong>mutandum</strong></span> <span class='ocrx_word' id='word_1_209' title='bbox 669 4317 725 4354; x_wconf 86' lang='lat' dir='ltr'><strong>ease</strong></span> <span class='ocrx_word' id='word_1_210' title='bbox 742 4304 831 4354; x_wconf 82' lang='lat' dir='ltr'><strong>oeuset</strong></span> <span class='ocrx_word' id='word_1_211' title='bbox 848 4301 1001 4356; x_wconf 81' lang='lat' dir='ltr'><strong>Ehwaldiue</strong></span> <span class='ocrx_word' id='word_1_212' title='bbox 1018 4301 1129 4356; x_wconf 85' lang='lat' dir='ltr'><strong>Heinsio</strong></span> <span class='ocrx_word' id='word_1_213' title='bbox 1146 4305 1291 4358; x_wconf 85' lang='lat' dir='ltr'><strong>assentiens</strong></span> <span class='ocrx_word' id='word_1_214' title='bbox 1310 4305 1437 4360; x_wconf 89' lang='lat' dir='ltr'><strong>Bursiani</strong></span> 
     </span>
     <span class='ocr_line' id='line_1_28' title="bbox 327 4392 749 4461; baseline 0 -15"><span class='ocrx_word' id='word_1_215' title='bbox 327 4397 402 4447; x_wconf 85' lang='lat' dir='ltr'><strong>nunt.</strong></span> <span class='ocrx_word' id='word_1_216' title='bbox 420 4393 509 4446; x_wconf 87' lang='lat' dir='ltr'><strong>annal.</strong></span> <span class='ocrx_word' id='word_1_217' title='bbox 525 4392 633 4461; x_wconf 85' lang='lat' dir='ltr'>XXXI,</span> <span class='ocrx_word' id='word_1_218' title='bbox 650 4409 676 4461; x_wconf 89' lang='lat' dir='ltr'><strong>p.</strong></span> <span class='ocrx_word' id='word_1_219' title='bbox 695 4395 749 4446; x_wconf 80' lang='lat'><strong>192.</strong></span> 
     </span>
    </p>
   </div>
   <div class='ocr_carea' id='block_1_8' title="bbox 0 0 1685 5284">
    <p class='ocr_par' dir='ltr' id='par_1_9' title="bbox 0 0 1685 5284">
     <span class='ocr_line' id='line_1_29' title="bbox 0 0 1685 5284; baseline 0 0"><span class='ocrx_word' id='word_1_220' title='bbox 0 0 1685 5284; x_wconf 95' lang='lat' dir='ltr'><strong> </strong></span> 
     </span>
    </p>
   </div>
  </div>
 </body>
</html>
