3356 5294
343 993 377 1057 P.
400 993 425 1076 Ι,
450 995 477 1076 7,
499 993 536 1054 61
565 994 643 1077 qnid
666 993 752 1077 qnod
774 998 808 1056 ut
820 993 960 1070 emeritis
973 992 1136 1056 referenda
1149 998 1197 1056 est
1207 994 1308 1078 gratia
1323 1014 1456 1079 semper,

564 1123 610 1186 sic
633 1125 681 1186 est
703 1120 849 1184 fortunae
872 1121 1085 1206 promeruisse
1109 1126 1191 1184 tuae.

566 1247 652 1331 qued
675 1248 703 1311 si
726 1247 882 1330 permittis
907 1245 1165 1327 nobissuadere,
1190 1247 1268 1329 quid
1293 1251 1391 1330 eptae,

566 1377 602 1436 ut
625 1373 680 1436 des
706 1391 802 1456 quam
826 1372 939 1436 reddas
963 1371 1063 1455 plura,
1087 1409 1128 1420 -
1153 1391 1282 1455 precare
1305 1371 1397 1436 dees!

563 1497 661 1580 idque
682 1495 770 1578 facis,
794 1501 1017 1580 quantumque
1037 1496 1110 1560 licet
1130 1498 1321 1580 meminisse,
1334 1497 1458 1570 solebas

565 1621 661 1686 officii
684 1642 781 1686 causa
802 1622 950 1706 pluribus
972 1641 1042 1688 esse
1065 1623 1142 1686 dari.

390 1781 458 1847 Hos
493 1801 606 1848 versus
640 1783 757 1865 Weiss,
787 1788 867 1848 teste
896 1781 1028 1864 Kornio,
1051 1784 1179 1847 uncinis
1203 1785 1486 1867 circumscripsit„

347 1909 463 1994 Ignoro
499 1907 618 1992 quibus
652 1909 848 1992 argumentis
882 1908 999 1972 ductus
1030 1909 1075 1971 ita
1100 1908 1253 1992 judicarit
1276 1909 1327 1971 vir
1349 1909 1462 1973 doctus

347 2052 406 2098 nec
441 2033 513 2097 talis
547 2033 721 2097 sententiae
755 2034 892 2096 rationes
926 2033 1120 2117 investigare
1154 2052 1294 2116 possum.
1325 2033 1460 2098 Prodam

348 2178 432 2243 ergo,
467 2158 544 2242 quid
579 2163 610 2222 et
643 2158 681 2222 de
716 2162 781 2221 toto
812 2158 881 2222 loco
914 2163 945 2222 et
976 2158 1015 2222 de
1038 2158 1173 2242 singulis
1197 2162 1340 2224 sentiam.
1363 2159 1461 2224 Poeta

348 2281 564 2364 Messalinum,
600 2301 738 2365 quocum
776 2284 810 2344 in
832 2285 977 2366 ,gratiam
1013 2283 1116 2347 redire
1151 2283 1258 2347 studet
1291 2302 1404 2367 parum
1429 2301 1464 2348 se

302 2435 305 2443 ·
333 2397 487 2472 'coluisse
521 2406 689 2471 confitetur
723 2405 765 2492 (v.
798 2410 862 2491 55),
895 2409 988 2472 cuius
1013 2396 1109 2472 officii
1132 2409 1268 2492 neglecti
1290 2410 1411 2473 crimen
1435 2414 1491 2475 et'

350 2533 508 2596 invidiam
531 2533 565 2595 in
587 2532 688 2596 fatum
713 2533 861 2596 transfert
872 2533 895 2613 1)
919 2531 962 2618 (v.
990 2534 1053 2611 56).
1077 2532 1156 2597 Cum
1181 2539 1286 2598 autem
1307 2535 1414 2599 mollis
1434 2541 1464 2599 et

350 2660 470 2724 infirmi
504 2662 603 2724 animi
627 2662 667 2723 sit
690 2659 744 2723 tali
769 2659 862 2722 modo
886 2661 1009 2724 veniam
1035 2663 1149 2743 petere,
1173 2659 1213 2722 ad
1235 2660 1369 2724 fratrum
1395 2679 1461 2724 con·

248 2774 251 2780 ¹
353 2787 491 2851 cordiam
527 2785 585 2868 (Tr.
615 2785 672 2867 IV,
704 2788 732 2867 5,
764 2786 805 2848 29
837 2784 990 2868 sq.P.1‚
1016 2785 1043 2866 7,
1068 2785 1107 2847 31
1135 2788 1214 2868 sqq.)
1238 2785 1384 2850 alludens
1410 2803 1464 2869 per

353 2911 461 2977 Cottae
491 2913 669 2994 amicitiam¹
684 2908 891 2974 Messalinum
917 2928 1043 2973 movere
1066 2915 1207 2994 temptat.
1230 2911 1274 2974 At
1296 2911 1467 2994 hucusque

352 3056 481 3102 causam
513 3057 602 3101 suam
635 3037 741 3100 minus
772 3053 921 3119 prospere
948 3023 1014 3099 'sibi
1046 3054 1139 3118 agere
1163 3035 1297 3099 videtur.
1319 3035 1404 3098 Hinc
1428 3035 1466 3098 ad

353 3163 567 3232 adulationem
589 3162 739 3246 confugit.
764 3161 953 3225 Potentibus
968 3162 990 3238 ⁹)
1011 3163 1063 3243 ait,
1084 3162 1247 3252 contingit,
1268 3166 1303 3225 ut
1316 3161 1467 3224 beneficia

353 3291 444 3374 prius
478 3290 511 3351 in
543 3289 621 3352 alios
645 3287 806 3352 conferant
831 3306 926 3370 quam
949 3288 1011 3369 ipsi
1034 3287 1198 3370 accipiant.
1223 3285 1296 3350 Non
1321 3286 1468 3351 diversus

355 3420 402 3480 est
426 3415 525 3497 locus,
547 3413 603 3477 ubi
622 3420 713 3498 poeta
735 3418 843 3477 noster
864 3411 985 3476 Cottam
1007 3412 1123 3476 laudat.
1136 3411 1343 3496 Loq'uiturde
1356 3413 1467 3476 amieis

355 3541 503 3607 fidelibus
526 3541 563 3608 P.
586 3539 628 3624 H,
652 3540 681 3623 3,
704 3541 743 3602 31

401 3724 536 3788 querum
558 3708 594 3767 tu
617 3703 778 3786 princeps3
804 3721 909 3786 neque
932 3704 1017 3767 enim
1040 3720 1146 3766 comes
1170 3720 1247 3784 esse,
1271 3702 1326 3766 sed
1350 3707 1469 3784 auctor,

402 3848 461 3893 nec
483 3834 588 3913 petere
611 3825 803 3912 exemplum,
827 3828 882 3892 sed
906 3828 980 3892 dare
1002 3828 1118 3912 dignus
1143 3847 1219 3891 eras.

363 4009 507 4018 .--——

392 4114 405 4162 1
436 4109 469 4162 cf.
487 4108 597 4160 Heroid.
614 4111 639 4168 4,
656 4111 696 4160 53.

391 4112 419 4268 23
443 4199 477 4254 ct
502 4199 532 4252 P.
556 4199 594 4260 H,
619 4203 643 4268 9,
667 4203 697 4251 11
715 4215 770 4268 sqq.
789 4198 923 4266 Praecipit
941 4197 1027 4250 Areus
1044 4198 1217 4266 philosophus
1231 4198 1317 4252 Iuliae
1335 4198 1472 4266 Augustae

358 4293 430 4360 (San.
457 4291 493 4344 ad
509 4291 590 4344 Marc.
607 4291 726 4344 decons.
742 4292 790 4352 IV,
807 4291 834 4357 4)
853 4306 918 4358 „nec
937 4289 1079 4359 quicquam
1096 4290 1234 4357 pulchrius
1250 4291 1373 4343 existimo
1392 4305 1474 4358 quam

359 4384 389 4437 in
420 4399 524 4436 summo
553 4382 659 4450 lastigie
691 4383 831 4436 collocatas
855 4382 1001 4434 multarum
1026 4397 1116 4432 rerum
1141 4381 1249 4434 reniam
1274 4382 1345 4449 dara,
1371 4381 1475 4435 nullius

360 4477 474 4545 petere.”
