3356 5294
302 1961 546 2027 Observationes
574 1963 610 2024 in
640 1980 754 2046 corpus
785 1962 883 2026 trium
907 1961 1048 2044 priorum
1072 1957 1180 2022 Ovidii
1203 1977 1243 2022 ex
1267 1958 1371 2024 Ponto

257 2087 412 2152 librorum
436 2085 573 2152 scribere
597 2087 733 2170 suscepi,
753 2087 829 2170 quia
848 2085 1007 2149 Kornium
1027 2089 1058 2148 et
1077 2082 1266 2148 Merkelium
1278 2102 1372 2167 saepe

260 2218 383 2277 coactos
414 2216 444 2277 et
474 2213 592 2275 invitos
622 2212 734 2296 inique
767 2212 805 2276 de
835 2210 941 2276 verbis
968 2209 1091 2274 traditis
1110 2209 1270 2292 judicasse
1294 2209 1372 2271 mihi

260 2357 446 2420 persuasum
470 2340 533 2418 est3
559 2356 697 2420 quorum
721 2307 917 2422 argumentis
940 2334 1022 2399 infra
1041 2317 1244 2418 respondebo.
1264 2331 1372 2398 Huius

258 2464 320 2528 loci
342 2469 391 2528 est
413 2482 514 2547 pauca
536 2482 695 2546 exponere
719 2464 757 2528 de
780 2465 949 2547 utriusque
972 2458 1270 2545 computationibus.
1289 2457 1372 2523 Mer-

258 2590 362 2655 belias
374 2589 398 2668 1)
430 2609 471 2654 ex
501 2589 689 2674 aequalibus
719 2591 803 2654 inter
831 2590 962 2654 lacunas
992 2587 1173 2652 manifestas
1195 2584 1372 2650 intervallis

250 2718 420 2801 archetypi
444 2717 567 2800 paginis
590 2715 734 2780 attribuit
753 2717 942 2801 vigenorum
963 2715 1110 2779 binorum
1131 2731 1284 2777 versuum
1305 2730 1373 2774 am·

258 2842 360 2908 bitum
373 2839 406 2925 9).
441 2841 493 2904 Ad
527 2842 609 2906 hanc
642 2861 786 2906 normam
820 2861 894 2905 cum
925 2846 1029 2905 totum
1059 2838 1265 2903 Ponticorum
1289 2855 1371 2922 opus

257 2969 387 3054 redigat,
416 2967 452 3032 fit
482 2968 652 3050 interdum,
684 2973 720 3032 ut
750 2968 907 3031 nonnulla
937 2967 1116 3031 abundent:
1150 2965 1273 3049 quaerit
1298 2983 1371 3048 ergo

258 3114 286 3156 v.
311 3093 339 3156 d.
366 3093 501 3157 disticha
525 3093 642 3178 quibus
666 3093 758 3158 facile
781 3112 946 3158 careamus
970 3092 1020 3156 rel
1044 3091 1130 3174 quod
1151 3092 1186 3153 in
1209 3089 1387 3154 codicibus

257 3224 405 3302 corrupta
439 3224 548 3284 extent
583 3220 634 3284 vel
669 3220 755 3304 quod
790 3219 1010 3303 displicuerint
1043 3216 1188 3280 Bentleio
1222 3215 1301 3278 aliis.
1336 3214 1370 3278 Si

259 3339 368 3407 contra
397 3344 519 3428 integer
548 3362 701 3409 versuum
728 3347 841 3410 modus
874 3346 972 3427 adest,
1003 3344 1230 3429 negligentiam
1261 3345 1372 3425 poetae

259 3473 400 3552 excusat,
424 3470 500 3532 vitia
523 3468 700 3553 obumbrat,
722 3471 870 3536 dissentit
889 3471 927 3534 ab
949 3470 1058 3535 eodem
1080 3468 1223 3533 Bentleio
1243 3467 1292 3546 (cf.
1305 3486 1373 3550 eg.

180 3653 188 3672 ,
259 3596 353 3681 praef.
385 3617 413 3680 p.
444 3594 544 3660 XXV
574 3595 614 3660 ad
642 3595 668 3680 Ι,
700 3599 730 3680 3,
753 3597 815 3680 86).
837 3595 961 3661 Deinde
984 3595 1040 3660 ubi
1064 3597 1083 3659 3
1106 3593 1239 3659 disticha
1261 3610 1375 3676 propo·
1419 3615 1421 3620 ’

259 3725 319 3789 sito
351 3725 466 3788 desunt
498 3729 529 3788 et
559 3724 692 3788 lacunae
714 3723 805 3788 locus
828 3722 1030 3807 indagandus
1054 3721 1101 3786 est
1125 3721 1256 3785 rationis
1278 3719 1373 3782 ruina

258 3851 377 3920 instare
407 3850 533 3914 ridetur
563 3849 671 3934 (praef.
702 3869 731 3932 p.
761 3847 863 3913 XXII
887 3849 962 3932 sq.);
987 3866 1046 3911 nec
1068 3845 1304 3936 minusomnia
1327 3843 1373 3906 la-

263 4045 407 4054 -ᾳ

295 4158 320 4221 1)
338 4157 451 4211 Ovidius
467 4155 528 4208 Vol.
544 4155 595 4208 III.
612 4155 718 4224 Lipsiae
737 4158 809 4216 1884,
826 4154 913 4208 Praei.
931 4153 993 4206 inde
1011 4167 1104 4220 apag.
1121 4149 1199 4204 XIX.

293 4247 321 4314 ἢ)
338 4248 507 4301 Ponticorum
537 4248 713 4316 archetypum
739 4246 822 4299 trium
847 4261 896 4314 per
920 4244 1040 4313 singulas
1065 4242 1176 4311 paginas
1200 4240 1373 4293 distichorum

261 4337 343 4390 fuisse
368 4342 447 4392 antea
471 4337 620 4406 suspicatus
646 4341 703 4391 erat
724 4337 755 4392 0.
777 4337 854 4390 Korn
876 4336 906 4388 in
929 4352 1018 4404 progr.
1034 4333 1180 4388 Strehlensi
1198 4333 1233 4385 Αἰ
1250 4335 1314 4388 18ἵ4
1331 4331 1376 4399 (de

259 4428 394 4510 codicibus
406 4429 509 4483 duobus
516 4428 664 4483 carminum
673 4428 864 4483 Ovidianorum
882 4444 916 4481 ex
925 4428 1010 4480 Ponto
1019 4427 1141 4480 datorum
1149 4421 1377 4490 Monacensibus).

1259 4519 1274 4569 1
