3356 5294
757 574 808 638 ’13

228 809 256 851 v.
280 788 321 851 66
511 805 552 851 ne
575 805 638 849 non
662 786 828 870 peccarim,
851 803 936 849 mors
961 804 1090 868 quoque
1114 804 1179 848 non
1199 784 1302 850 faciet.

225 972 262 1036 cl.
274 972 322 1036 Tr.
333 972 390 1055 IV,
404 975 432 1055 9,
445 974 486 1034 25
513 990 570 1036 nec
590 975 646 1035 tua
666 975 697 1035 te
709 976 831 1035 sontem
845 971 1065 1036 tantummodo
1077 971 1205 1036 saecula
1220 972 1344 1035 norint:

511 1102 682 1181 perpetuae
705 1099 825 1161 crimen
849 1098 1042 1181 posteritatis
1066 1097 1136 1161 eris.

271 1284 396 1351 Gloriae
430 1291 460 1350 et
496 1286 618 1349 nomini
646 1257 778 1349 'macula
812 1303 936 1369 semper
968 1284 1146 1349 inhaerebit
1176 1284 1346 1370 (effugiunt

225 1414 363 1488 structos
386 1429 502 1475 nomen
525 1411 692 1494 honorque
714 1429 809 1495 rogos
831 1409 867 1476 P.
891 1409 950 1492 HI,
974 1411 1003 1493 2,
1028 1411 1089 1491 52).
1111 1407 1194 1474 Sunt
1214 1428 1345 1494 quoque

224 1535 335 1603 Manes
358 1537 488 1621 aliquid,
511 1537 649 1603 dedecus
671 1539 792 1621 pcccati
815 1537 961 1620 sentient,
984 1543 1021 1600 ut
1044 1555 1172 1602 sensere
1195 1541 1345 1621 parentes

226 1639 351 1727 mortui
368 1661 428 1742 (Tr.
450 1662 507 1745 IV,
532 1663 582 1746 10,
606 1663 647 1726 55
672 1663 764 1746 sqq).
859 1743 861 1752 y

270 1787 402 1874 Culpam
437 1807 512 1873 ergo
547 1808 649 1872 quum
679 1788 892 1851 immortalem
922 1787 990 1852 fore
1018 1789 1106 1871 sciat,
1131 1789 1231 1853 animi
1254 1789 1346 1852 noxii

226 1917 387 1980 cruciatus
410 1915 558 1979 oriuntur
579 1916 614 1977 in
639 1913 757 1998 quibus
781 1912 998 1978 describendis
1022 1913 1150 1977 uberior
1172 1918 1221 1978 est
1245 1917 1346 1998 poeta.

184 2107 189 2120 ,
226 2041 278 2118 nt,
301 2045 337 2105 ut
359 2042 419 2105 hoc
438 2043 576 2125 primum
599 2061 756 2127 opponam
778 2040 922 2105 Bentleio
943 2040 1137 2106 etMerlrelio
1150 2062 1200 2105 vv.
1214 2041 1345 2105 67-68

226 2167 507 2250 proscribentibus,
530 2169 586 2250 qui
608 2169 736 2231 veniam
756 2140 924 2250 impetrare
945 2167 1074 2231 student
1093 2167 1198 2232 verbis
1218 2186 1346 2252 parcere

227 2310 292 2354 non
315 2292 425 2356 solent.
448 2291 551 2376 Magis
574 2312 650 2357 sane
673 2292 820 2358 brevitati
844 2293 1024 2356 consuluit:

226 2479 274 2542 Tr.
286 2479 326 2563 V,
341 2481 368 2563 1,
382 2482 422 2543 77
460 2481 631 2563 ,nolumus
655 2482 793 2546 assiduis
817 2483 955 2546 animam
977 2480 1139 2545 tabescere
1162 2479 1278 2545 curis.''

269 2667 336 2732 Nec
366 2689 431 2733 non
455 2669 589 2752 obstant,
613 2671 785 2754 quominus
808 2668 900 2734 tollas
925 2669 1081 2733 distichon
1106 2668 1258 2750 (ot-68)
1283 2667 1345 2731 loci

224 2796 370 2860 similiter
403 2797 599 2880 conformati,
634 2797 733 2860 veluti
768 2795 802 2860 P.
833 2795 858 2877 I,
893 2797 922 2878 3,
947 2794 1065 2859 3-10.
1091 2793 1207 2877 Objicit
1230 2793 1345 2859 deinde

225 2919 397 2985 Merkelius
430 2920 528 3005 praef.
562 2920 664 2984 XXI:
703 2921 826 3003 ,Etiam
861 2941 1057 3005 proxumum
1091 2920 1174 3001 (diet.
1200 2919 1346 2997 67-68)

228 3044 341 3128 ,plane
364 3050 516 3129 evagatur
539 3065 558 3109 a
582 3046 740 3110 sententia
761 3046 923 3109 instituta:
948 3065 1013 3108 non
1036 3044 1075 3109 de
1094 3044 1191 3108 animi
1210 3043 1345 3108 infirmi·

230 3176 312 3253 „tate
343 3175 456 3256 agitur,
487 3176 523 3236 ut
544 3171 570 3254 I,
594 3173 624 3251 2,
650 3174 701 3255 55,
725 3171 811 3235 unde
833 3172 911 3235 haec
934 3175 1070 3256 sumpta,
1093 3170 1149 3235 sed
1172 3170 1211 3235 de
1228 3190 1344 3265 ¹morsu

229 3297 451 3380 ,stimulisque
474 3299 695 3380 conscientiae,
719 3298 776 3381 qui
798 3297 1055 3361 reconciliatione
1078 3297 1176 3360 levari
1199 3301 1345 3380 possunt.

230 3424 318 3504 „eius
350 3425 417 3506 spei
444 3423 551 3506 aliqua
576 3425 694 3488 mentio
718 3444 769 3486 vv.
792 3424 833 3487 63
858 3430 888 3488 et
912 3424 954 3486 68
978 3423 1166 3487 conexuerit
1189 3422 1344 3507 oportet.’'

270 3548 332 3614 Hic
357 3552 406 3613 vir
429 3551 541 3615 doctus
564 3552 704 3636 argutias
728 3552 866 3636 proferre
889 3550 968 3614 mihi
991 3550 1126 3614 videtur.
1151 3547 1243 3624 Quod
1257 3551 1342 3613 enim
1405 3629 1408 3636 γ

226 3675 395 3741 discrimen
430 3678 514 3741 inter
543 3676 667 3742 dolores
699 3697 779 3762 quos
802 3679 853 3742 vel
877 3677 971 3767 culpa
992 3676 1045 3742 vel
1067 3696 1168 3761 poena
1190 3675 1343 3760 praebet?

225 3798 259 3864 Si
282 3821 377 3867 curae
398 3808 511 3886 pectus
536 3803 682 3869 mordent
704 3808 767 3883 (vv.
792 3803 924 3889 73-4),
944 3821 1035 3868 mens
1055 3801 1190 3867 tabescit
1203 3802 1296 3866 credo
1309 3798 1342 3884 ¹).

227 3981 372 3991 ..ι-

258 4086 284 4152 1)
300 4087 405 4139 Deinde
431 4103 551 4156 poenam,
576 4104 630 4140 non
654 4087 775 4140 stimulos
797 4086 974 4140 conscientiae
991 4086 1137 4154 Augustus
1148 4086 1239 4138 levare
1255 4088 1343 4154 potest

225 4177 280 4243 (rr.
298 4181 338 4231 57.
355 4182 395 4231 64.
412 4182 453 4232 77.
469 4181 512 4240 80)
530 4176 594 4231 Tria
610 4177 800 4246 distinguenda
813 4179 888 4230 sunt:
899 4192 992 4244 poena,
1002 4175 1341 4244 culpaetoulpaedolores.

225 4267 268 4322 Sic
285 4269 351 4322 dicit
366 4269 445 4322 'l'rist
462 4270 498 4338 ΙΙ,
514 4272 563 4322 315
580 4269 620 4320 nil
632 4269 685 4321 nisi
699 4271 838 4336 peccatum
851 4268 1045 4336 manifestaque
1061 4268 1140 4338 culpa
1148 4266 1286 4320 fatendum
1295 4270 1341 4320 est

579 4360 698 4427 paenitet
714 4359 817 4428 ingenii
832 4359 979 4429 iudiciique
998 4359 1060 4411 mei.
1208 4406 1211 4413 .

223 4456 251 4506 et
268 4452 358 4506 ididan
376 4467 403 4504 se
420 4467 540 4520 peccasse
556 4452 683 4505 fabalem
699 4451 817 4505 restituit
836 4453 956 4506 Bacchus
973 4453 1033 4504 Met
1052 4451 1102 4519 XI,
1119 4450 1169 4503 132
1186 4466 1242 4520 sqq.
