3356 5294
785 582 927 642 47.

5 799 7 836 ³
114 864 121 878 ,
237 794 313 858 dum
341 797 397 856 est
427 790 475 855 De
506 791 626 856 medela
655 791 813 855 afferenda
837 791 908 855 vide
930 790 1103 856 Heinsinm
1130 791 1168 854 ad
1193 789 1356 854 locum'et
1461 794 1523 882 Ἰ

239 918 346 983 6611161
367 918 417 983 Tr.
440 917 481 996 V,
504 919 532 999 9,
557 918 609 981 21.
633 915 670 981 P.
693 916 735 1000 II,
759 919 788 999 5,
813 919 864 982 13.
884 916 940 999 IV,
962 918 990 998 9,
1012 917 1062 981 70.
1082 916 1237 982 Pietatem
1260 921 1378 996 aeter-¹

239 1064 312 1108 nam
334 1044 455 1107 indicat
477 1048 569 1126 poeta
590 1042 640 1107 Tr.
665 1042 704 1125 V,
727 1044 758 1126 4,
783 1045 833 1105 44.
898 1054 900 1058 ’

237 1378 274 1444 P.
287 1378 328 1452 H,
341 1380 369 1454 3,
384 1379 424 1440 15
448 1395 507 1442 neo
519 1377 581 1440 nisi
595 1375 682 1459 quod
694 1374 823 1470 prodest
836 1395 946 1440 carum
960 1382 1017 1458 est,
1029 1382 1060 1442 61
1072 1377 1202 1442 detrahe
1215 1379 1314 1442 menti
1391 1403 1393 1408 ·

452 1521 539 1587 spem
563 1501 687 1566 fructus
711 1501 830 1578 avidae,
855 1520 949 1567 nemo
973 1502 1129 1585 petendus
1153 1503 1219 1566 erit.

190 1693 198 1714 ·
285 1651 403 1731 Locum
434 1684 645 1747 communem,
676 1685 772 1750 quem
803 1666 881 1729 haec
913 1666 1049 1756 epistula
1079 1669 1189 1751 tangit,
1220 1666 1362 1732 illustra·

242 1792 322 1856 bunt
345 1791 406 1856 (lic.
431 1790 516 1856 Lael.
542 1791 571 1872 9,
595 1791 653 1876 31ε
679 1795 733 1873 ,ut
755 1792 839 1855 enim
861 1790 995 1856 benefici
1014 1791 1225 1876 liberalesque
1238 1811 1361 1876 sumus,
1393 1797 1400 1812 ’
1510 1865 1516 1877 ,

243 1937 306 1982 non
331 1923 368 1982 ut
390 1919 557 2001 exigamus
579 1918 712 2000 gratiam
739 1954 779 1963 -
804 1936 908 2001 neque
927 1919 1012 1982 enim
1031 1916 1220 1982 beneficium
1242 1918 1364 1982 fenera-

242 2063 318 2107 mur
338 2042 463 2126 (Seneo.
487 2040 589 2107 benef.
613 2041 670 2124 IV,
696 2043 745 2124 13,
769 2044 812 2124 5),
836 2042 891 2107 sed
915 2047 1028 2106 natura
1050 2046 1199 2127 propensi
1223 2043 1263 2107 ad
1286 2043 1363 2108 libe-

241 2170 398 2260 ralitatem
422 2187 536 2232 sumus
563 2205 602 2214 -
627 2168 672 2232 sic
695 2168 867 2231 amicitiam
888 2186 953 2231 non
974 2186 1030 2252 spe
1051 2159 1205 2232 mercedis
1226 2169 1364 2252 adducti,

243 2297 299 2361 sed
330 2295 415 2379 quod
445 2296 549 2359 omnis
578 2295 647 2359 eius
670 2293 795 2358 fruetus
818 2296 853 2357 in
877 2295 946 2378 ipso
970 2313 1077 2358 amore
1101 2295 1194 2377 inest,
1218 2293 1365 2379 expeten·
1405 2267 1410 2280 ’

244 2423 317 2486 dam
340 2419 510 2505 putamus‘’
534 2425 566 2486 et
589 2419 653 2486 016.
677 2419 744 2483 finn
769 2419 810 2502 II,
835 2418 886 2501 26,
910 2420 970 2482 83:
998 2419 1135 2501 ,faciant
1153 2421 1246 2483 etiam
1271 2416 1366 2500 illud'

244 2551 281 2609 ut
311 2547 512 2629 aequitatem,
541 2545 736 2626 modestiam,
761 2546 895 2608 virtutes
921 2543 1025 2608 omnis
1048 2562 1104 2627 per
1128 2562 1161 2608 se
1184 2545 1271 2627 ipsas
1295 2564 1366 2628 gra-

165 2703 170 2716 ·
214 2721 220 2736 .
245 2673 286 2735 116
310 2671 450 2755 diligant.
473 2671 526 2734 An
550 2691 633 2753 vero,
657 2673 684 2735 si
707 2668 865 2746 fructibus
888 2675 919 2734 et
941 2670 1166 2734 emolumentis
1191 2675 1222 2734 et
1246 2672 1366 2735 utilita-

245 2796 332 2861 tibus
367 2798 521 2862 amicitias
555 2797 704 2879 colemus,
739 2798 766 2860 si
800 2795 890 2859 nulla
924 2797 1039 2861 caritas
1070 2797 1138 2878 erit,
1161 2816 1245 2880 quae
1268 2796 1366 2861 faciat

246 2923 417 2986 amicitiam
451 2924 552 3005 ipsam
584 2941 642 2986 sua
672 2927 793 3005 sponte,
826 2921 858 2984 vi
888 2941 956 3003 sua,
986 2939 1026 2984 ex
1061 2940 1095 2985 se
1126 2927 1157 2985 ’61
1183 2926 1310 3005 6166161
1334 2941 1368 2986 66

247 3047 465 3131 expetendam,
496 3046 630 3111 dubium
658 3052 707 3112 661
730 3047 809 3131 quin
832 3046 951 3110 fundos
976 3051 1007 3110 61
1028 3046 1151 3110 insulas
1175 3049 1287 3111 amicis
1312 3068 1368 3111 an·

249 3171 481 3255 teponamus?''
516 3173 691 3256 Appositus
727 3191 855 3256 quoque
889 3173 981 3237 loeus
1012 3173 1149 3239 Senecae
1174 3174 1288 3258 (benef.
1313 3175 1371 3259 IV,

251 3296 300 3378 11,
323 3295 372 3379 211
400 3297 448 3378 ,61
472 3295 590 3360 utilitas
614 3314 664 3359 me
688 3303 719 3359 et
741 3296 868 3360 sordida
886 3299 1079 3380 computatio
1099 3297 1262 3363 liberalem
1286 3299 1370 3384 facit,

250 3423 277 3486 si
305 3422 387 3485 nulli
417 3440 558 3506 prosum,
581 3423 643 3485 nisi
667 3427 703 3486 ut
725 3422 863 3485 invicem
886 3423 940 3487 ille
964 3424 1043 3487 mibi
1066 3426 1174 3509 prosit,
1197 3444 1260 3488 non
1286 3425 1369 3490 dabo

249 3545 471 3612 beneficium.”
511 3545 625 3630 Neque
666 3548 713 3610 illi
751 3549 921 3631 scriptores
956 3549 1017 3613 sibi
1052 3555 1228 3634 temperant
1264 3570 1370 3636 neque

246 3670 391 3754 Ovidius,
425 3693 443 3734 a
475 3691 538 3755 quo
563 3649 724 3755 abjudicat
747 3692 860 3738 versus
887 3674 1016 3736 15-16
1041 3673 1217 3742 Bentleius.
1242 3677 1287 3740 At
1311 3677 1369 3740 du-

249 3795 330 3860 bites
361 3815 491 3880 quoque
522 3798 555 3860 iu
586 3797 730 3863 distichis
758 3798 966 3882 sequentibus
990 3800 1147 3885 (33-36)
1172 3810 1279 3866 utrum
1305 3804 1372 3866 utri

249 3917 487 3986 anteferendum
517 3923 567 3987 sit.
596 3920 680 3998 Quid
705 3942 779 4008 ergo
802 3926 1006 3988 statuemus?
1030 3925 1265 4009 Saepenumero
1291 3928 1371 4010 quid

251 4045 365 4112 Ouidio
395 4049 598 4114 tribuendum
623 4050 673 4132 sit,
697 4050 776 4135 quid
798 4051 1014 4134 interpolatori
1038 4052 1202 4134 dijudicari
1224 4054 1290 4118 fere
1315 4072 1369 4118 ne-

169 4177 178 4228 1
251 4175 328 4257 quit.
355 4174 468 4240 Tutius
496 4177 573 4239 mihi
602 4177 706 4240 visum
734 4196 846 4279 persus
871 4197 926 4260 pro
949 4179 1099 4261 genuinis
1123 4179 1237 4245 habere
1252 4179 1288 4264 ¹).
1316 4180 1373 4243 Vi·

259 4343 402 4352 --

286 4447 313 4504 ll
332 4447 371 4501 Gl'.
388 4447 502 4500 disticha
516 4451 638 4516 suspecta
653 4450 790 4502 nonnullis
805 4450 848 4501 Tr.
866 4452 900 4518 ll,
916 4453 1009 4503 el-a.
1027 4452 1072 4518 Ill,
1089 4453 1114 4518 4,
1132 4453 1206 4504 1-8.
