3356 5294
819 578 859 640 57

273 792 331 858 tus
363 798 482 872 tempus
516 791 569 871 (H,
605 792 634 873 2,
668 789 726 872 67)
760 789 942 874 significare
977 789 1098 872 nequit.
1134 787 1275 871 Gonjecit
1298 787 1397 852 'Korn

272 937 397 984 numen.
432 917 477 980 At
512 914 666 999 temptum,
702 915 788 999 quod
819 919 871 979 ‚est
901 916 935 977 in
966 913 1092 991 ytcod.
1116 911 1240 978 Monac.
1267 912 1397 996 19476),

273 1041 348 1109 ferri
370 1046 483 1127 potest.
508 1040 634 1126 Spectat
658 1039 794 1105 Ovidius
817 1040 959 1123 Augusti
983 1039 1125 1104 domum.
1150 1037 1284 1104 Confero

272 1279 309 1346 P.
321 1279 380 1361 HI,
397 1279 422 1360 l,
436 1279 497 1340 131
522 1298 588 1342 non
612 1296 737 1362 semper
760 1297 865 1342 sacras
889 1276 1027 1341 reddunt
1052 1277 1180 1340 oracula
1202 1277 1308 1359 sortis,

283 1376 287 1382 '
523 1407 658 1488 ipsaque
681 1423 746 1468 non
770 1405 857 1468 omni
881 1408 1024 1488 tempore
1047 1402 1120 1466 fana
1143 1407 1261 1487 patent.

438 1530 499 1592 135
525 1549 598 1593 cum
625 1529 740 1594 domus
763 1530 913 1613 Augusti,
937 1527 1072 1612 Capitoli
1094 1547 1181 1592 more
1204 1528 1344 1606 colenda,

520 1655 610 1736 laeta,
635 1654 721 1739 quod
745 1657 793 1719 est
816 1658 847 1718 et
870 1656 919 1736 sit,
942 1654 1101 1737 plenaque
1123 1655 1210 1737 pacis
1234 1654 1311 1718 erit:

514 1784 583 1844 tum
606 1780 673 1863 tibi,
697 1780 730 1844 di
751 1781 879 1862 faciant,
901 1779 1041 1844 adeundi
1064 1781 1155 1863 copia
1176 1779 1241 1846 fiat.
1399 1767 1402 1774 ⁴

274 2015 400 2100 Inspice
425 2017 505 2078 mihi
531 2015 673 2080 ciusdem
698 2015 854 2099 epistulae
877 2034 930 2080 vv.
959 2015 1127 2097 138,145.
1153 2016 1227 2081 150.
1254 2017 1393 2082 tol-4.

273 2140 469 2206 Confirmant
499 2159 628 2224 quoque
658 2141 839 2223 opinionem
872 2159 975 2205 meam
998 2140 1049 2206 Tr.
1073 2139 1100 2225 Ι,
1127 2141 1155 2222 1,
1179 2140 1320 2204 69-74.
1343 2140 1394 2208 Tr.

271 2267 331 2348 ΠΙ,
356 2267 386 2351 1,
411 2267 530 2332 35-8.

314 2393 342 2457 E
361 2394 520 2457 contrario
542 2392 649 2475 magni
668 2394 749 2456 tecta
768 2391 921 2456 Tonantis
943 2391 1029 2474 (Met.
1049 2391 1076 2477 Ι,
1097 2391 1175 2476 170)
1195 2412 1268 2457 cum
1281 2393 1394 2457 descri-

274 2518 330 2604 bit,
352 2519 430 2582 haec
453 2523 562 2582 noster
583 2517 678 2582 habet

340 2754 403 2816 175
426 2753 479 2816 hic
501 2753 591 2818 locus
614 2757 671 2837 est,
695 2774 800 2838 quem,
824 2757 851 2818 si
876 2753 983 2820 verbis
1006 2756 1140 2821 audacia
1159 2756 1261 2839 detur,

427 2879 515 2943 haud
536 2880 666 2944 timeam
690 2881 798 2965 magni
822 2881 943 2946 dixisse
965 2881 1087 2947 Palatia
1111 2882 1200 2949 coeli.

274 3308 426 3393 Ρ.ΠΙ,4,
441 3310 481 3372 87
507 3328 571 3392 quo
594 3310 675 3394 pede
697 3330 784 3374 nunc
808 3315 890 3396 utar,
914 3310 1011 3375 dubia
1034 3317 1083 3386 est
1105 3315 1262 3378 sententia
1280 3312 1390 3380 nobis:

510 3434 591 3500 alter
613 3436 698 3499 enim
722 3436 761 3501 de
783 3439 824 3521 te,
847 3435 969 3520 Rhene,
993 3405 1175 3521 triumphus
1197 3439 1295 3505 adest.

513 3561 608 3624 inrita
630 3565 790 3625 motorum
814 3581 880 3625 non
904 3568 981 3627 sunt
1003 3566 1166 3648 praesagia
1189 3568 1317 3630 vatum:

512 3684 616 3750 danda
638 3686 710 3750 Iovi
733 3686 852 3769 laurun,
876 3687 952 3752 dum
976 3691 1061 3772 prior
1083 3690 1139 3754 illa
1164 3693 1253 3756 viret.

317 3920 445 3986 Heinsii
468 3923 688 3988 emendatione
707 3924 891 4008 (motorum)
912 3931 1015 4010 spreta
1034 3932 1173 3992 votorum
1192 3948 1210 3993 e
1229 3928 1392 3996 codicibus

274 4047 434 4112 revocavit
458 4045 631 4132 Guethling
654 4049 840 4133 addiditque
861 4051 894 4113 in
919 4051 1122 4117 adnotatione
1144 4055 1269 4119 critica:
1294 4060 1393 4138 „onw-

274 4191 346 4235 rum
368 4172 628 4256 conjungendum
652 4193 725 4237 cum
747 4173 879 4258 inritu‚''
899 4178 953 4240 cui
972 4177 1113 4260 opinioni
1134 4184 1165 4243 et
1183 4181 1246 4243 alia
1266 4180 1393 4246 obstant

275 4302 306 4363 et
348 4298 434 4382 quod
473 4298 563 4362 nulla
596 4304 670 4363 vota
703 4302 934 4386 suscipiuntur.
969 4302 1079 4367 Potuit
1112 4304 1255 4370 fraudem
1289 4307 1393 4374 facere

275 4425 343 4489 viro
367 4424 457 4488 docto
547 4415 551 4422 ’
