3356 5294
771 568 812 650 eo

239 776 384 856 Keenius
403 778 436 840 in
458 776 503 842 ed.
522 797 579 841 sua
593 777 781 861 figmentum
793 776 879 842 istud
891 776 1046 842 librorum
1058 779 1231 842 recentium
1245 777 1355 860 (Korn.

239 903 333 986 praef.
359 902 434 983 XV)
457 905 583 986 recepit
607 901 694 967 Idam
717 901 869 986 Kosmas,
881 908 917 968 ut
929 923 1002 969 oum
1015 904 1214 988 Verpoorten
1227 901 1351 987 Harles,

239 1025 363 1091 dubitat
386 1031 495 1091 utrum
519 1027 559 1090 ad
583 999 825 1092 Rhoemetalcen
849 1048 891 1092 an
914 1027 953 1091 ad
977 1027 1079 1110 Cotyn
1104 1027 1149 1110 (P.
1170 1028 1212 1111 Π,
1234 1030 1263 1110 9)
1276 1028 1352 1092 allu-

151 1237 157 1251 ἱ
240 1151 294 1215 dat
318 1149 460 1228 Ovidius.
483 1152 610 1216 Patrem
635 1153 768 1236 spootari
788 1154 907 1237 opinor,
926 1154 959 1217 in
974 1172 1067 1236 quem
1081 1174 1133 1216 vv.
1147 1155 1287 1220 21-24.
1303 1149 1365 1218 17.

238 1276 287 1358 (of.
323 1276 360 1342 P.
391 1275 432 1359 11,
466 1279 494 1358 9,
516 1277 636 1359 45-6)
660 1277 775 1342 melius
797 1277 915 1342 eadunt
939 1297 1034 1361 quam
1058 1278 1092 1340 in
1115 1276 1215 1369 filium
1241 1277 1287 1358 (P.
1311 1277 1353 1360 H,

240 1403 268 1484 9,
292 1404 322 1468 5.
350 1404 412 1482 14).
438 1401 525 1466 Obiit
547 1402 785 1467 Rhoemetalces
808 1404 983 1487 imperante
1005 1404 1154 1487 Angusto
1178 1409 1250 1468 ante
1269 1425 1296 1470 a.
1320 1425 1350 1488 p.

239 1527 311 1594 Chr.
340 1529 390 1610 12,
421 1528 465 1610 (id
495 1534 548 1592 est
566 1534 638 1593 anto
662 1529 829 1612 epistulam
853 1529 905 1611 (Π,
930 1531 960 1610 9)
984 1529 1022 1592 ad
1048 1528 1151 1611 Cotyn
1175 1530 1291 1610 datam)
1316 1536 1351 1593 ut

237 1652 363 1716 videtur
387 1651 596 1717 Mommsenio
609 1651 642 1734 1).
663 1653 708 1716 At
730 1655 880 1736 temporis
903 1652 1021 1725 indicia
1044 1659 1145 1738 quum
1167 1652 1257 1717 nulla
1277 1655 1351 1738 sint,

239 1777 431 1843 dissentiunt
453 1781 650 1862 interpretes.
674 1778 838 1843 Adscribit
860 1781 962 1862 primo
986 1780 1076 1844 exilii
1099 1798 1183 1843 anno
1203 1798 1251 1863 ep.
1264 1779 1308 1864 ΙΙ,
1322 1780 1351 1842 9.

240 1901 330 1986 Cary,
365 1904 507 1968 Histoire
542 1904 597 1968 des
631 1903 708 1968 Rois
742 1902 781 1968 de
814 1897 933 1968 Thrace
964 1924 1035 1988 pag.
1068 1905 1118 1986 72,
1142 1903 1352 1988 Wartenberg

240 2034 345 2094 autem
370 2029 408 2093 de
431 2030 535 2114 priore
558 2029 646 2112 exilii
670 2033 810 2112 tempore
833 2031 949 2112 cogitat
968 2007 1108 2110 (Quaest.
1129 2027 1222 2095 Ovid.
1243 2049 1273 2113 p.
1287 2031 1351 2112 82).

238 2154 300 2219 Sed
334 2155 425 2219 nulla
455 2175 551 2219 causa
586 2159 660 2236 erat,
683 2174 741 2218 cnr
766 2152 899 2218 Ovidius
923 2154 962 2217 ad
986 2153 1149 2236 Severum,
1169 2155 1350 2237 jucundum
1411 2198 1414 2204 ,

238 2282 376 2346 sodalem
409 2281 450 2361 (v.
476 2283 538 2364 25),
566 2285 724 2362 „structos
747 2282 831 2344 inter
853 2279 920 2344 fera
943 2281 1063 2364 proelia
1086 2279 1254 2361 versns’'²)
1281 2281 1352 2344 mit·

233 2381 309 2473 ⁴tons
334 2407 436 2490 Cotyn
455 2409 606 2490 (ovonem
631 2405 684 2490 (II,
708 2408 735 2470 9.
760 2408 790 2488 5)
813 2411 901 2494 tanta
924 2407 1019 2470 laude
1041 2406 1077 2489 (l,
1098 2407 1128 2489 8,
1150 2407 1203 2488 21)
1215 2412 1351 2471 ornaret.

238 2533 476 2599 Rhoemetalces
500 2539 609 2598 eontra
633 2534 760 2617 saepius
781 2533 976 2597 fortitudinis
1002 2534 1192 2597 documenta
1213 2532 1349 2597 dederat.

240 2659 322 2727 Vell.
347 2659 387 2743 ΙΙ,
413 2660 485 2723 112.
507 2658 568 2722 Dio
592 2658 679 2724 Cass.
705 2660 755 2740 55,
780 2659 830 2721 30.
857 2656 939 2738 Cary
959 2658 980 2723 l.
992 2658 1013 2724 l.
1035 2679 1065 2741 p.
1080 2658 1122 2720 64
1135 2677 1204 2742 sqq.
1216 2656 1352 2721 Momm·

146 2803 147 2808 ’
242 2805 298 2852 sen
329 2787 384 2853 l.l.
416 2792 447 2849 et
470 2784 561 2850 Rom.
586 2785 700 2882 Cesoh.
722 2784 762 2867 V,
788 2786 841 2847 35.
867 2784 941 2848 191.
965 2783 1097 2864 Pauly's
1120 2783 1197 2848 Roal
1219 2784 1353 2866 Enoyol.

239 2912 261 2977 i.
285 2931 315 2978 v.
340 2910 492 2992 Odrysae.

240 3293 277 3357 P.
291 3293 314 3376 Ι,
327 3294 357 3376 8,
370 3295 501 3356 21-24
524 3298 556 3357 at
578 3294 644 3369 tibi,
668 3310 725 3356 rex
749 3313 837 3378 aevo,
861 3293 961 3376 detur,
985 3291 1156 3356 fortissime
1178 3295 1296 3373 nostro,

528 3438 651 3503 sempor
672 3421 824 3483 honorata
842 3423 968 3501 sceptra
989 3422 1097 3482 tenere
1119 3436 1225 3516 manu.

418 3599 425 3616 .
527 3554 623 3630 teque
646 3545 732 3630 quod
755 3550 786 3609 et
808 3549 945 3629 praestat
968 3581 1009 3590 -
1035 3543 1112 3627 quid
1135 3544 1220 3606 enim
1243 3541 1303 3606 tibi

1006 3658 1135 3742 plenius
1158 3657 1286 3740 optem?
1311 3693 1352 3704 -
1402 3689 1404 3692 ·

528 3785 641 3850 Martia
664 3804 737 3848 oum
761 3802 876 3893 magno
900 3781 1033 3846 Caesare
1055 3781 1154 3846 Roma
1176 3781 1295 3865 probet.

288 3974 454 4040 Summum
479 3980 588 4037 votum
612 3973 751 4056 positum
775 3974 822 4034 est
844 3971 877 4031 in
901 3968 1046 4056 August(
1065 3968 1203 4034 amicitia

248 4156 391 4164 ———

282 4279 305 4338 1)
330 4273 485 4327 Mommsen.
511 4273 598 4340 Reges
622 4269 751 4322 Thraoiae
776 4267 839 4319 inde
863 4283 880 4318 a
905 4267 1015 4320 Caesare
1041 4263 1169 4316 diotatore
1187 4264 1230 4328 (z
1246 4261 1357 4329 Ephem.

245 4368 335 4435 Epigr.
354 4369 385 4433 ΙΙ,
403 4383 428 4433 p.
447 4367 504 4418 254.

279 4456 498 4525 mRffimw
