3356 5294
772 591 828 654 ·41

247 803 299 870 Pr.
323 803 381 887 IV,
402 805 430 887 9,
446 804 491 867 10
516 805 576 868 sim
598 803 672 866 lieet
691 799 1361 885 extremum,sicutsum,missusinorbem

248 929 285 996 P.
316 929 372 1012 IV,
397 931 426 1012 5,
447 931 488 1001 13
511 933 548 994 ut
572 930 613 994 sit
637 885 722 994 enim
745 932 861 1010 tutum,
885 928 968 992 siout
989 947 1061 992 reor
1083 946 1162 1012 esse,
1183 925 1274 992 fateri

293 1115 380 1179 Alibi
403 1115 463 1197 (Tr.
487 1116 543 1199 IV,
568 1117 597 1199 Ι,
621 1117 660 1179 11
676 1145 716 1170 =
729 1116 779 1182 Τι.
792 1116 832 1199 V,
853 1117 903 1199 13,
926 1118 977 1194 19)
996 1120 1087 1200 poeta
1105 1115 1256 1180 affirmat:
1277 1115 1360 1199 quod

247 1260 369 1325 precor,
390 1258 460 1306 esse
480 1241 589 1324 liquet
1012 1257 1018 1273 ⁹
1107 1272 1115 1277 ·

291 1363 424 1430 Minime
447 1367 556 1449 itaque
579 1367 648 1430 viro
672 1365 812 1430 officioso
835 1365 911 1430 deos
935 1370 966 1430 et
985 1366 1128 1431 homines
1148 1365 1361 1449 negligentiae

248 1485 406 1556 accusare*
432 1493 628 1575 propositum
654 1495 729 1556 erat.
751 1490 832 1556 Inde
851 1491 934 1576 quod
954 1498 983 1554 et
1001 1487 1176 1578 proestutb
1201 1490 1299 1555 valet:
1325 1497 1361 1554 ut

243 1619 309 1700 jam
346 1622 377 1682 te
409 1616 532 1701 probat.
571 1614 660 1692 Quae
684 1617 852 1701 explicatio
875 1618 903 1681 si
926 1617 1103 1680 admittitur
1125 1616 1258 1680 alterum
1283 1635 1361 1679 nan·

247 1744 397 1808 oisoimur
431 1748 665 1827 argumentum,
701 1743 797 1827 quod,
827 1748 862 1807 ut
893 1742 1137 1808 Rhoemetaloen
1167 1760 1273 1826 regem
1298 1741 1360 1804 dici

247 1869 472 1954 intelligamus,
495 1869 615 1934 suadet.

247 2262 283 2328 P.
308 2261 333 2343 Ι,
359 2263 387 2345 9,
409 2264 451 2326 43
475 2263 615 2327 carmina
634 2264 707 2345 jure
731 2262 843 2327 damus
866 2281 953 2327 raros
977 2265 1127 2353 testantia
1150 2265 1260 2337 mores,

473 2395 510 2454 ut
533 2394 588 2453 tua
611 2390 739 2454 venturi
761 2390 900 2471 nomina,
924 2387 1023 2471 Celso,
1046 2389 1162 2472 legant.

474 2516 533 2580 hoo
552 2522 609 2598 est,
630 2515 716 2599 quod
735 2517 854 2599 possim
877 2513 996 2579 Getieis
1008 2514 1066 2579 tibi
1079 2516 1203 2580 mittere
1215 2515 1254 2579 ab
1266 2517 1360 2592 arvis,

448 2642 535 2705 .hoo
557 2642 662 2706 solum
686 2645 742 2723 est,
765 2642 838 2706 istic
862 2641 948 2725 quod
971 2640 1044 2706 lieet
1066 2661 1144 2724 esse,
1168 2661 1283 2706 meum.

291 2803 511 2886 OonJeoturam
546 2800 753 2867 Heiusianam
790 2802 911 2886 (liquet)
942 2803 1015 2885 jure
1049 2803 1157 2885 rejecit
1179 2801 1360 2887 Madvigius

245 2930 304 2994 boe
329 2933 422 2995 utens
445 2933 632 3013 argumento
659 2928 805 3009 (Advers.
828 2927 871 3011 ΙΙ,
892 2929 982 3008 102);
1000 2948 1083 3009 „non
1097 2931 1271 3013 quaeritur,
1282 2929 1359 3012 quid

245 3061 368 3132 eertum
401 3056 443 3119 sit
477 3053 583 3118 Ovidii
608 3073 689 3137 esse,
711 3054 767 3118 sed
792 3054 870 3137 quid
893 3054 997 3118 solum
1022 3052 1127 3117 Ovidii
1148 3053 1268 3118 Romae
1291 3072 1361 3119 esse

245 3183 354 3266 possit,
390 3200 464 3244 cum
498 3181 559 3263 ipsi
581 3179 627 3242 ibi
652 3198 809 3244 essenon
832 3176 992 3260 liceat”').
1016 3180 1069 3262 At,
1092 3180 1358 3264 quemadmodum

245 3324 358 3369 versus
394 3303 542 3368 Ouidiani
577 3306 677 3368 menti
711 3303 916 3368 obversantes
949 3303 1121 3369 Heinsium
1151 3303 1191 3368 ad
1222 3324 1358 3370 errorem

245 3431 454 3514 pellexerunt,
487 3431 533 3496 sio
568 3429 729 3514 Madvigio
766 3449 895 3513 quoque
928 3430 1073 3494 fraudem
1105 3430 1250 3495 fecerunt
1279 3433 1360 3496 varii

245 3555 317 3620 loci.
340 3554 460 3619 Probat
481 3557 566 3619 enim
590 3553 732 3636 Siesbyei
756 3556 808 3619 sui
832 3553 1100 3619 emendationem:

397 3718 457 3782 hoo
480 3719 584 3782 solum
608 3723 664 3801 est,
686 3719 758 3783 istic
782 3719 860 3807 quoi
882 3717 956 3782 licet
980 3737 1058 3801 esse,
1081 3738 1189 3783 meum

277 4023 305 4083 u
324 4022 370 4075 rr.
386 4024 432 4084 ιιι,
449 4025 473 4084 5,
490 4027 514 4076 o.
531 4022 560 4074 r.
578 4025 611 4084 n,
627 4026 651 4086 e,
668 4025 708 4075 ar.
726 4024 771 4085 111,
788 4023 813 4088 ι,
830 4024 870 4076 u.
901 4004 904 4012 '

279 4116 306 4177 2)
332 4117 372 4166 lta
395 4118 443 4175 est,
466 4131 529 4167 nam
555 4115 639 4167 ueluti
665 4130 737 4167 mats
760 4115 883 4181 pervenit
899 4115 928 4166 in
944 4115 1038 4167 urbem
1055 4115 1111 4182 (Tr.
1128 4116 1171 4183 IV,
1189 4119 1212 4177 2,
1230 4119 1269 4168 58.
1287 4117 1316 4169 Ρ.
1337 4117 1360 4178 Ι,

245 4208 270 4272 8,
294 4207 334 4257 34.
358 4208 404 4267 ΙΙΙ,
425 4209 449 4274 5,
470 4209 511 4259 49.
535 4208 579 4274 IV,
598 4209 622 4274 4,
639 4193 722 4275 toja,
739 4206 782 4262 ΙΙ)
801 4209 828 4258 et
845 4223 939 4259 nomen
956 4223 1010 4258 non
1027 4207 1119 4260 exulat
1138 4207 1194 4272 (Tr.
1211 4209 1255 4275 ΙΙΙ,
1272 4211 1296 4271 4,
1313 4211 1358 4273 45;

244 4296 278 4349 of.
296 4297 339 4349 Tr.
357 4297 392 4358 V,
409 4301 433 4364 3,
450 4301 482 4349 58
500 4297 572 4366 quod
590 4298 662 4360 lioet,
679 4298 750 4350 inter
767 4314 814 4350 uos
831 4315 928 4350 nomen
945 4298 1040 4352 hebete
1057 4315 1154 4353 meum.
1172 4299 1216 4352 Tr.
1233 4301 1276 4361 IV,
1295 4299 1360 4367 3,18

246 4388 369 4456 quodque
395 4392 481 4455 potest
506 4405 595 4443 seeum
620 4406 717 4443 nomen
739 4390 837 4442 hebere
854 4391 900 4455 (so.
916 4393 1038 4456 uxorem)
1054 4393 1142 4454 tuum)
1159 4391 1245 4444 —sio
1261 4392 1360 4444 habent

236 4478 289 4544 jur
306 4478 382 4531 urbia
398 4479 483 4531 libelli
500 4479 544 4531 Tr.
563 4479 586 4548 I,
603 4483 626 4547 7,
644 4483 684 4532 36.
701 4481 747 4548 ΙΙΙ,
764 4480 804 4548 14,
821 4484 845 4532 9.
863 4480 898 4548 V,
914 4481 939 4546 Ι,
956 4482 995 4532 80.
1013 4480 1042 4534 P.
1061 4483 1081 4550 I,
1097 4481 1121 4549 Ι,
1138 4482 1178 4532 21.
1193 4483 1225 4549 ΙΙ,
1243 4484 1267 4550 2,
1283 4484 1306 4534 8.
